2561 4263
153 96 205 135 80
600 71 1244 124 C'oNvENTION

15 182 95 213 'Ami
108 178 153 209 D.
171 178 327 221 diriguntur
342 174 380 206 he
396 174 492 206 Litere
508 169 639 202 Patentes
658 167 794 198 Domino
812 162 966 203 Theophila,
983 158 1149 200 Menevenfi
1166 159 1235 197 Epi-

21 221 83 287 Alii5
91 227 138 285 3¹5¹*
173 220 300 288 {cqjlssgste
320 252 403 290 Rege
419 248 495 288 apud
515 243 783 287 westmonasterium,

23 301 141 370 ἶὲἶῗξῐ.

799 242 916 273 decimo
935 248 1017 270 nono
1034 236 1082 268 die
1099 235 1195 275 Junii.

217 334 345 368 Georgius
361 326 494 365 Harf'ord
505 349 514 362 ,
542 323 694 357 Clericus,
721 320 755 350 A.
777 318 824 349 M.
842 318 930 348 habet
951 313 1110 346 consimiles
1133 312 1241 343 Liter‘as

180 370 310 401 Parentes
327 369 363 399 de
385 365 586 404 presentatione
601 361 634 391 ad
653 359 821 390 Redioriam
837 357 895 386 five
908 355 1026 384 liberam
1043 351 1190 389 Capellam
1206 350 1243 380 de

182 408 372 446 Shittesbury,
393 403 522 435 Diocesis
538 397 767 435 Petriburgenfis,
781 397 841 433 jam
858 394 992 432 legittime
1010 393 1043 422 ὅ(
1063 391 1098 420 de
1113 390 1174 427 jure
1194 398 1242 418 va-

181 457 313 485 cantem,
336 447 370 476 &
385 444 419 473 ad
438 442 562 472 nostram
580 437 816 477 presentationem
836 433 855 452 '¹‘
877 441 925 469 per
947 429 1073 466 Lapsum
1091 427 1246 464 temporis,

182 488 240 517 sive
257 495 305 523 per
324 484 492 522 pravitatem
508 478 638 508 Simonie
656 476 709 505 hae
729 473 793 504 vice
813 471 1006 508 specstantem3
1032 467 1071 497 Et
1089 466 1125 496 he
1149 464 1247 495 Litere

183 524 280 556 nostre
297 523 427 554 Parentes
444 519 602 557 diriguntur
625 512 760 545 Domino
784 507 942 548 Francisco,
958 503 1160 544 Petriburgenfi
1176 503 1247 541 Epi-

182 564 310 632 scopcgste
328 598 410 638 Rege
425 593 499 634 apud
518 588 794 632 Wstmonasterium,
813 585 914 625 quinto
933 583 1050 615 decimo
1063 581 1107 614 die
1123 580 1214 620 Junii.

48 468 68 489 ε
77 467 162 495 xix.

33 515 100 543 774·

225 676 357 708 Ricardus
373 668 545 711 Shepheard,
570 666 718 703 Clericus,
738 664 774 695 A.
793 662 839 693 M.
859 661 943 692 habet
963 657 1126 691 consimiles
1143 657 1251 687 Literas

187 718 318 749 Patentes
334 713 369 743 de
385 708 587 748 presentatione
606 704 639 735 ad
655 703 823 734 Rectoriam
839 701 875 732 de
889 699 998 737 corley,
1017 696 1147 727 Diocesis
1162 698 1251 725 Here-

185 755 290 795 fordie,
306 754 365 791 jam
385 749 520 787 legittime
538 746 571 776 &
589 744 625 774 de
641 744 704 781 jure
723 749 872 772 vacantem
889 740 922 770 &
939 740 973 767 ad
994 735 1120 765 nostram
1140 733 1251 772 presen-

192 795 333 825 tationem
355 798 402 826 per
419 786 587 823 pravitatem
605 781 749 817 Simonie,
768 779 826 810 five
843 788 893 815 per
910 775 1030 813 Lapsum
1046 773 1183 812 temporis
1197 782 1251 810 pro

186 835 241 865 hac
261 832 323 861 vice
341 826 534 863 speetanten13
566 820 602 851 Et
620 820 779 857 diriguntur
798 818 836 848 he
853 816 950 846 Litere
971 813 1100 844 Parentes
1116 811 1254 842 Domino

188 868 324 905 Matheo,
342 862 504 902 Heresordie
523 859 677 898 Episcopo.

225 907 316 940 Teste
336 903 419 942 Rege
432 900 507 939 apud
523 895 797 937 Wellmonallerium,
814 901 895 923 nono
908 889 953 922 die
968 889 1059 928 Junii.

35 698 86 724 No.
106 690 150 730 38.

226 981 373 1022 Johannes
393 978 499 1016 Hodges
513 999 523 1014 ‚
549 974 680 1005 Clericus
695 995 705 1011 ,
733 971 762 1002 S.
787 969 829 1000 T.
855 967 887 999 B.
905 967 995 999 lhabet
1018 963 1182 996 consimiles
1203 963 1255 994 Li-

190 1032 260 1056 teras
281 1021 408 1051 Patentes
422 1018 458 1047 de
481 1014 683 1054 presentatione
697 1010 732 1041 ad
755 1008 923 1039 Restoriarn
942 1005 978 1035 de
998 1003 1127 1042 Layham
1141 1025 1151 1041 ‚
1177 1002 1254 1033 Dio-

190 1062 259 1093 cesis
279 1056 478 1095 Norwicenfis‚
494 1055 553 1091 jam
571 1052 708 1091 legittime
725 1050 759 1080 &
773 1047 808 1078 de
828 1047 885 1083 jure
905 1052 1070 1079 vacantem,
1089 1043 1121 1072 &
1143 1040 1178 1071 ad
1199 1051 1254 1071 no-

612 1089 735 1127 Lapsum
753 1085 888 1122 temporis
904 1082 948 1112 vel
961 1091 1010 1119 per
1026 1082 1190 1118 pravitatem
1209 1079 1255 1110 Si-

909 1120 1106 1189 §peffiiantem3
1132 1117 1170 1148 Et
1188 1118 1256 1148 diri-

928 1170 942 1190 ο
957 1182 968 1199 ,
991 1156 1163 1197 Norwicenst
1185 1157 1256 1196 Epi-

41 999 93 1026 No.
109 1003 153 1032 39.

192 1101 277 1132 stram
296 1096 532 1135 presentationem
547 1101 595 1129 per

194 1140 292 1170 monie
311 1137 366 1167 sive
384 1135 439 1164 alio
456 1139 632 1170 quocunque
652 1126 742 1158 modo
760 1125 815 1154 hac
834 1123 898 1152 vice

193 1185 302 1218 guntur
325 1176 362 1205 he
389 1173 487 1204 Litere
511 1168 642 1199 Patentes
666 1163 801 1196 Domino
827 1164 908 1192 Ricar

193 1221 320 1285 icorligpste
335 1250 418 1289 Rege
431 1246 505 1286 apud
523 1244 663 1283 Canbury,
684 1249 766 1273 nono
777 1238 824 1271 die
839 1236 921 1278 Julii.

233 1328 346 1361 Carolus
365 1322 559 1361 Duckworth‚
582 1320 728 1356 Clericus,
746 1317 785 1348 A.
807 1315 852 1346 Μ.
872 1315 957 1345 habet
974 1311 1134 1343 consimiles
1152 1311 1259 1342 Litesas

195 1371 324 1402 Patentes
342 1366 377 1397 de
399 1363 602 1402 presentatione
620 1360 655 1389 ad
676 1356 845 1388 Rectoriam
868 1353 904 1384 de
921 1351 1102 1390 Doa'leftone‚
1131 1350 1260 1381 Diocesis

195 1409 311 1447 cestrie,
323 1406 382 1444 jam
401 1402 539 1442 legittime
556 1401 589 1431 ὅ(
603 1397 638 1427 de
650 1398 712 1435 jure
727 1401 888 1429 vacantem,
907 1391 940 1422 &
957 1391 992 1421 ad
1007 1389 1133 1420 nostram
1148 1389 1259 1427 presen-

197 1449 337 1479 tationem
360 1452 409 1481 per
429 1440 596 1478 pravitatem
615 1435 762 1471 Simonie,
780 1432 836 1462 five
849 1441 898 1469 per
913 1428 1038 1467 Lapsum
1052 1429 1190 1465 temporis
1205 1437 1259 1464 pro

195 1488 250 1519 hac
267 1487 332 1515 vice
350 1480 522 1519 spectantem
538 1489 548 1515 ς
584 1475 622 1506 Et
639 1475 789 1512 driguntur
806 1470 845 1502 he
864 1469 959 1501 Litere
978 1467 1108 1498 Patentes
1126 1466 1264 1498 Domino

195 1524 341 1564 Johanni,
359 1518 456 1559 Cestrie
474 1516 500 1548 E
522 1517 629 1551 iscopo.

236 1562 326 1595 Teste
339 1560 422 1597 Rege
436 1567 489 1596 apu
528 1550 797 1594 Westmonasterium,

240 1636 406 1671 Willielmus
423 1631 558 1673 Pulford,
578 1629 723 1664 Clericus,
749 1626 786 1656 A.
807 1623 855 1656 M.
872 1623 957 1654 habet
980 1621 1141 1653 consimiles
1160 1620 1268 1651 Literas

204 1680 334 1712 Parentes
346 1676 383 1706 de
398 1672 600 1712 presentatione
613 1668 648 1699 ad
664 1666 833 1698 Rectoriam
843 1663 878 1694 de
893 1660 1088 1692 Netherhards
1099 1660 1162 1690 alias
1169 1659 1267 1689 Harii,-

199 1728 312 1759 parva,
331 1712 461 1745 Diocesis
478 1705 701 1746 cantuarienfis‚
719 1714 768 1743 per
784 1702 952 1734 Ceffionem
964 1700 1057 1730 ultimi
1072 1698 1267 1729 Incumbentis

201 1756 310 1789 ibidem
329 1754 384 1792 iarn
403 1758 569 1785 vacantem,
593 1749 626 1778 &
646 1745 680 1775 ad
700 1742 827 1774 nostram
846 1739 1083 1779 presentationem
1102 1737 1189 1775 pleno
1204 1737 1269 1776 jure

203 1795 394 1834 spectantem,
431 1789 442 1795 “

45 1357 95 1382 No.
112 1359 160 1388 40.

815 1547 899 1580 tertio
915 1545 1032 1577 decimo
1049 1543 1095 1576 die
1106 1542 1186 1582 Julii.

53 1661 104 1688 No.
120 1665 169 1693 41.

420 1789 458 1819 Et
474 1787 634 1827 diriguntur
650 1784 689 1815 he
704 1782 797 1813 Litere
814 1779 949 1811 Domino
964 1775 1125 1815 Willielmo,
1141 1781 1268 1807 cantua-

203 1832 286 1872 riensi
302 1827 536 1867 Archiepiscopo.

241 1870 332 1904 Teste
347 1868 430 1907 Rege
448 1864 521 1903 apud
537 1861 663 1901 Canbury
673 1883 683 1900 ,
700 1859 808 1892 osiavo
825 1857 872 1888 die
885 1855 970 1895 Julii.

246 1948 379 1980 Robertus
404 1941 500 1984 Smyth
516 1965 525 1980 ,
551 1940 705 1976 Clericus,
731 1936 768 1968 A.
797 1935 835 1966 M
871 1934 956 1966 habet
981 1932 1139 1964 consimiles
1164 1930 1272 1961 Literas

210 1990 342 2023 Patentes
364 1985 400 2015 de
422 1981 624 2022 presentatione
646 1977 681 2007 ad
702 1975 869 2006 Rectoriam
891 1973 927 2004 de
946 1972 1078 2002 Brondon
1091 1972 1156 2003 alias
1174 1972 1272 2000 Brun-

210 2030 281 2065 don,
308 2022 435 2055 Diocesis
456 2019 588 2055 London,
609 2019 666 2055 jam
689 2015 827 2053 legittime
851 2013 884 2043 &
905 2012 1015 2049 dejure
1033 2018 1186 2042 vacantem
1203 2029 1212 2045 ‚
1238 2008 1272 2039 &

208 2068 243 2101 ad
261 2063 385 2096 nostram
405 2058 638 2098 presentationem
659 2064 706 2091 per
735 2052 856 2090 Lapsum
880 2051 1017 2088 temporis
1032 2071 1042 2088 ,
1066 2049 1122 2080 sive
1141 2056 1189 2084 per
1210 2055 1272 2083 pra-

207 2108 326 2139 vitatem
351 2100 480 2132 Simonie

209 2145 342 2178 Patentes
361 2139 494 2169 Domino
514 2132 676 2169 Willielmo,
694 2129 811 2161 London
828 2128 982 2165 Episcopo.

246 2181 337 2215 Teste
355 2177 437 2217 Rege
451 2174 525 2214 apud
541 2172 685 2210 Canbury,
702 2169 804 2208 quinto
821 2167 939 2199 decimo
954 2165 1000 2197 die
1013 2162 1099 2205 Julii.

58 1964 109 1990 No.
124 1968 171 1995 42.

246 2256 359 2290 Carolus
376 2250 564 2288 Duckworth,
589 2248 716 2280 Clericus
730 2269 738 2284 ‚
764 2246 800 2276 A.
821 2243 867 2276 M.
885 2243 972 2274 habet
989 2241 1149 2274 consimiles
1170 2242 1275 2273 Literas

211 2299 345 2331 Parentes
365 2294 401 2324 de
420 2291 622 2329 presentatione
643 2287 677 2317 ad
698 2284 778 2315 istam
794 2282 974 2314 Prebendam
991 2282 1047 2312 sive
1061 2281 1274 2312 Canonicatum

213 2341 245 2370 in
266 2333 390 2367 Ecclesia
412 2328 575 2361 Cathedrali
595 2329 692 2356 Beate
714 2325 806 2353 Mar-ie
825 2324 947 2359 Virginis
967 2319 1085 2360 Cestrie,
1113 2329 1199 2358 quem
1214 2319 1275 2357 jam

63 2279 112 2305 No.
127 2282 175 2311 43.

212 2376 297 2409 habet
317 2373 350 2404 &
371 2369 492 2409 possidet
513 2364 655 2406 predictus
679 2361 791 2392 Carolus
817 2358 992 2390 Duckworrh
1007 2360 1036 2390 in
1064 2358 1189 2389 Ecclesia
1212 2367 1277 2395 pre-

209 2415 306 2451 dieta,
321 2413 378 2450 jam
394 2408 533 2446 legittime
554 2405 587 2435 &
604 2403 640 2433 de
656 2402 718 2439 jure
734 2407 895 2436 vacantem,
913 2399 947 2429 &
964 2397 998 2427 ad
1019 2396 1144 2427 nostram
1165 2396 1277 2441 presen-

208 2455 349 2486 tationem
369 2457 418 2485 per
443 2445 611 2484 pravitatem
631 2440 759 2471 Simonie
778 2438 833 2468 sive
853 2446 902 2475 per
920 2435 1044 2473 Lapsum
1070 2444 1207 2480 temporis
1222 2435 1276 2465 hac

208 2495 274 2525 vice
298 2487 471 2527 speQantem
487 2495 497 2522 ·,
512 2482 549 2513 Et
563 2481 722 2519 diriguntur
737 2477 775 2508 he
802 2476 897 2507 Litere
915 2473 1048 2506 Patentes
1064 2473 1200 2505 Domino
1219 2473 1278 2513 Jo-

212 2532 317 2563 hanni,
336 2531 371 2556 Ce
396 2528 432 2554 rie
450 2522 602 2560 Episcopo.

252 2566 343 2601 Teste
397 2571 450 2601 ege
467 2559 541 2600 apud
561 2557 705 2596 canbury,
722 2554 806 2585 tertio
822 2552 941 2584 decimo
958 2551 1004 2584 die
1016 2550 1108 2591 Julii.

255 2648 355 2676 Davus
379 2639 551 2676 Bridgman,
576 2634 723 2668 Clericus,
750 2630 786 2661 A.
807 2629 856 2660 M.
874 2629 959 2659 habet
982 2628 1143 2660 consimiles
1170 2628 1277 2658 Literas

213 2684 343 2716 Patentes
360 2679 396 2710 de
417 2676 619 2716 presentatione
640 2671 675 2703 ad
698 2670 866 2701 Rettoriam
887 2668 943 2697 sive
956 2666 1111 2697 Ecclesiam
1129 2667 1278 2697 Parochia-

214 2724 273 2755 lem
297 2721 334 2751 de
354 2721 488 2747 Barrowe
509 2715 538 2743 in
562 2711 713 2742 Comitatu
730 2706 851 2745 Cestrie,
875 2705 1006 2736 Diocesis
1024 2705 1138 2743 Cestrie,
1153 2706 1211 2743 jam
1228 2715 1278 2735 va-

213 2769 327 2793 cantem
338 2780 348 2795 ,
366 2758 398 2787 ec
411 2755 445 2785 ad
460 2751 585 2783 nostram
605 2747 839 2786 presentationem
858 2745 964 2774 ratione
981 2743 1168 2779 Prerogative
1183 2743 1278 2773 nostre

214 2800 310 2837 Regie
330 2797 386 2827 hac
403 2795 467 2822 vice
485 2790 677 2828 spedtantem3
715 2783 761 2827 Eo
784 2782 861 2821 quod
883 2784 921 2811 W
926 2780 1050 2811 illielmies
1075 2781 1163 2821 Foster
1185 2791 1278 2818 nuper

531 2831 569 2863 (y
586 2828 677 2862 Man,
695 2821 814 2853 existens
828 2820 938 2850 Rettor
954 2819 1074 2857 ibidem,
1092 2821 1193 2850 virtute
1208 2830 1278 2857 qua-

215 2876 337 2910 rundam
353 2871 509 2903 Literarum
527 2862 743 2902 Dispensationis
757 2861 806 2890 sibi
821 2869 870 2897 per
886 2857 1063 2888 Willielmum
1080 2858 1279 2895 Archiepisco-

217 2924 289 2957 pum
315 2906 540 2946 Cantuariensi’m
567 2903 704 2935 saetarum
721 2921 731 2936 ,
756 2898 790 2929 &
813 2907 862 2935 per
888 2896 995 2928 Literas
1015 2896 1122 2927 nostras
1145 2896 1277 2927 Patentes

217 2953 452 2986 confirmatarum
467 2970 477 2983 ,
501 2941 657 2974 secundum
680 2939 804 2981 formam
830 2935 932 2966 Statuti
954 2936 983 2965 in
1006 2944 1043 2966 eo
1066 2935 1129 2965 casu
1152 2934 1221 2966 editi
1243 2936 1277 2966 &

216 2990 343 3031 provisi,
359 2985 514 3017 Ecclesiam
539 2979 694 3019 predid'mm
719 2986 748 3019 in
770 2974 955 3018 Cornmepdam
969 2983 1092 3003 unacum
1109 2973 1278 3011 Episcopatu

218 3032 270 3063 suo
286 3025 417 3067 predieto
434 3022 561 3058 rennuit,
576 3028 609 3050 ac
626 3015 782 3047 Ecclesiam
801 3012 954 3051 predictam
970 3021 1093 3042 unacum
1108 3011 1282 3050 Episcopatu

67 2664 117 2690 No.
131 2667 180 2697 44.

217 2837 374 2877 Episcopus
391 2832 423 2861 de
437 2830 517 2860 Sodor

221 3070 274 3100 suo
288 3064 415 3106 predieto
431 3062 468 3092 sic
482 3062 510 3090 in
526 3055 746 3089 commendam
762 3054 882 3082 retinens
897 3051 987 3092 obiit,
1014 3049 1052 3081 Et
1069 3049 1226 3090 diriguntur
1244 3051 1283 3082 he

224 3107 321 3139 Litere
338 3103 468 3134 Parentes
483 3099 619 3129 Domino
631 3092 780 3133 Johanni,
798 3089 898 3129 cestrie
915 3088 1068 3128 Episcopo.

262 3143 352 3176 Teste
371 3141 454 3180 Rege
473 3136 545 3176 apud
563 3133 706 3172 Canbury,
725 3139 805 3161 nono
822 3129 867 3159 die
885 3126 970 3166 Julii.

78 3243 129 3270 No·
147 3244 196 3273 45·
267 3219 413 3259 Joharmes
430 3218 537 3256 Ryves,
578 3251 582 3255 .
838 3245 842 3250 ,

232 3260 361 3291 Patentes
382 3256 417 3285 de
439 3256 642 3291 presentatione
660 3246 694 3277 ad
721 3244 890 3275 Rectonam
913 3242 949 3272 de
972 3243 1105 3280 Manslon
1121 3266 1130 3280 ,

231 3335 418 3369 sentationem
440 3340 487 3366 per

233 3377 288 3407 hac
306 3373 369 3401 vice
384 3369 573 3406 spectantem
610 3362 650 3393 Et
668 3361 828 3398 diriguntur
845 3359 880 3390 he
896 3358 994 3388 Litere
1011 3357 1138 3390 Patentes
1153 3357 1290 3389 Domino

235 3413 367 3448 Georgia,
386 3405 484 3444 Brislol
499 3404 650 3442 Episcopo.

275 3448 363 3482 Teste
383 3445 466 3484 Rege
483 3442 554 3482 apud
570 3439 713 3479 Canbury,
730 3435 869 3468 vicesimo
882 3435 977 3472 primo
994 3433 1040 3465 die
1056 3433 1142 3474 Julii.

87 3536 111 3558 0
136 3534 223 3565 xlx,

153 3597 159 3603 ,
241 3566 373 3597 Patentes
389 3560 425 3590 de
440 3557 640 3597 presentatione
658 3554 691 3583 ad

94 3618 147 3645 Ns.
161 3613 209 3649 46.
243 3615 305 3640 we,
322 3598 454 3631 Diocesis
469 3597 593 3630 Exoute,
611 3602 659 3629 per

245 3688 324 3715 tem,
343 3677 379 3707 Et
398 3676 555 3712 diriguntur
572 3669 608 3699 he
626 3669 721 3698 Litere
737 3666 867 3698 Patentes
886 3665 1022 3696 Domino
1039 3663 1176 3704 Joſspho‚

247 3716 475 3789 EsssTsCeRIZORCge
493 3746 565 3785 apud
586 3743 730 3782 Canbury,
745 3742 881 3772 vicesimo
897 3742 1003 3773 oetavo
1021 3740 1066 3772 die
1084 3741 1174 3779 Junii.

101 3852 153 3882 ΝΟ·
169 3857 218 3888 47·

253 3879 341 3902 tentes

249 3994 307 4018 tere
322 3984 454 4016 Parentes
468 3976 603 4010 Domino
620 3970 758 4012 Josepho,
776 3971 885 4002 Exom‘e
897 3969 1051 4009 Episcopo.

500 2097 553 2126 hac
576 2096 640 2126 vice
656 2091 850 2130 spe-stantem,
887 2088 925 2119 Et
945 2088 1103 2127 diriguntur
1123 2087 1161 2119 he
1179 2084 1275 2116 Litere

289 3829 433 3871 Johannes
449 3828 563 3866 Gerra,
575 3816 841 3861 Clericus,·A.'M.
858 3818 943 3848 habet
958 3817 1116 3848 consimiles
1133 3817 1236 3847 Literas
1253 3816 1307 3846 Pa-

364 3868 400 3896 de
421 3863 621 3902 presentatione
641 3858 675 3887 ad
698 3856 838 3899 Vicariam
855 3856 890 3885 de
903 3858 1018 3893 Totnes,
1036 3855 1167 3886 Diocesis
1182 3857 1307 3892 Exonie,

250 3920 301 3948 per
320 3913 443 3937 mortem
461 3901 551 3931 ultimi
570 3896 764 3937 incumbentis
780 3893 887 3922 ibidem
897 3894 957 3930 jam
972 3903 1136 3931 vacantem,
1152 3894 1185 3924 &
1205 3893 1238 3923 ad
1254 3904 1308 3924 no-

253 3948 335 3977 stram
350 3940 581 3981 presentationem
598 3934 683 3972 pleno
700 3941 761 3970 Jure
774 3930 963 3970 spectantem,
980 3931 1018 3962 Et
1032 3931 1188 3971 diriguntur
1203 3932 1241 3964 he
1258 3931 1308 3964 Li-

1277 68 1406 120 Es;
1469 64 1865 116 LITERAE,

1310 153 1401 186 Teste
1413 153 1496 193 Rege
1509 152 1583 191 apud
1596 152 1739 194 Canbury,
1758 153 1854 190 primo
1869 148 1914 181 die
1928 147 2054 189 Augusti.
2358 148 2438 180 Ann.
2449 145 2494 180 D:

1313 234 1443 269 Georgius
1460 227 1633 269 springhall‚
1659 229 1807 265 Clericus,
1826 226 1863 258 A.
1883 225 1932 256 M.
1949 226 2034 258 habet
2052 223 2210 256 consimiles
2232 223 2339 256 Literas
2355 187 2475 256 elifii.

1277 271 1415 312 Parentes¹
1429 268 1465 298 de
1486 269 1688 305 presentatione
1710 267 1744 298 ad
1768 266 1913 296 Vicariam
1932 267 2020 294 Beate
2042 267 2137 294 Marie
2155 267 2184 294 in
2206 267 2339 301 Wiggen-
2355 269 2419 294 Car.
2441 277 2467 295 ι.

1276 307 1505 352 ὴαΙΙ,,Ι)ιοεεΓιε
1525 305 1727 347 Norwicenfis,
1745 315 1793 342 per
1809 311 1935 334 mortem
1958 303 2050 332 ultimi
2073 301 2271 333 incumbentis
2285 303 2338 333 ibi-
2361 313 2411 339 Ν..
2424 305 2474 341 48.

1277 347 1345 377 dem
1356 356 1416 384 Jarn
1431 353 1598 383 vacantem,
1616 346 1649 376 &
1667 344 1701 375 ad
1715 343 1841 374 nostram
1857 341 2090 380 presentationem
2103 341 2189 380 pleno
2200 342 2263 380 jure
2280 342 2344 378 spe·
2469 338 2471 340 ’

1279 385 1429 429 ‹Stantem3
1463 382 1502 414 Et
1516 384 1684 426 ¹diriguntur
1709 382 1747 412 he
1776 381 1873 412 Litere
1897 379 2029 410 Parentes
2057 379 2192 410 Domino
2211 379 2327 410 Ricardo

1281 424 1431 452 Norwicen
1442 431 1451 448 1
1469 420 1620 459 Episcopo,
2333 401 2346 418 ³

1318 459 1407 492 Teste
1453 468 1504 497 ege
1520 459 1595 497 apud
1614 457 1753 498 Canbury,
1771 457 1889 488 decimo
1906 455 2028 496 septimo
2046 454 2092 486 die
2104 455 2232 496 Augusti.

1322 539 1422 567 Davus
1443 535 1594 576 Bridgmpn
1607 557 1617 571 ‚
1634 534 1775 578 'Clericus
1791 557 1800 571 ,
1825 533 1861 564 A.
1888 531 1936 563 M.
1953 532 2040 563 habet
2059 531 2221 564 consimiles
2239 533 2348 565 Literas
2362 535 2414 562 No.
2427 539 2478 569 49.

1286 575 1418 620 Parentes
1438 575 1475 604 de
1496 577 1698 616 presentatione
1719 573 1754 602 ad
1769 572 1909 603 Vicariam
1925 571 1962 602 de
1973 570 2092 601 Tatnall
2103 571 2168 601 alias
2183 571 2335 603 Tatenhall

1287 614 1419 645 Diocesis
1441 612 1556 653 Cestrie,
1570 620 1630 650 Jam
1648 611 1787 649 legittime
1805 612 1838 641 &
1860 610 1896 641 de
1910 611 1973 648 jure
1990 618 2156 647 vacantem,
2183 612 2215 642 &
2234 611 2268 642 ad
2292 595 2351 641 no-²

1288 652 1378 696 stram
1394 651 1627 696 presentationem
1643 660 1692 688 per
1710 649 1833 686 Lapsum
1846 650 1983 687 temporis
2001 648 2054 679 hac
2073 649 2137 679 vice
2155 649 2344 686 spectantem·

1287 691 1325 760 Isit
1351 691 1508 730 diriguntur
1525 691 1562 721 he
1582 689 1679 720 Litere
1697 687 1825 719 Patentes
1843 686 1981 718 Domino
1998 686 2144 726 Johanm‘,
2162 687 2261 727 cestrie
2278 674 2350 726 Epil

1300 739 1385 766 copo.

1326 767 1416 798 Teste
1433 766 1518 806 Rege
1533 773 1566 797 ut
1585 764 1674 803 supra.

1326 845 1460 873 Henricus
1478 841 1662 886 Huddlestort,
1680 840 1825 879 Clericus,
1845 840 1879 871 A.
1900 840 1946 871 M.
1964 839 2048 871 habet
2063 842 2223 874 consimiles
2243 843 2353 875 Literas
2370 852 2410 877 Ne
2433 856 2469 884 50

1291 882 1421 928 Patentes
1437 882 1472 912 de
1495 882 1699 925 presentatione
1713 880 1748 910 ad
1769 879 1939 910 Rec‘toriam
1957 880 1993 910 de
2007 879 2095 920 Castle
2108 882 2236 912 Carleton
2272 882 2350 913 Dio·
2413 869 2420 876 ⁷
2473 867 2481 876 ⁵

1291 921 1360 952 cesis
1375 919 1513 964 Lmrolm'e
1523 942 1533 958 ,
1546 929 1604 958 jam
1619 919 1758 957 legittime
1776 920 1810 949 &
1822 918 1858 948 de
1872 919 1933 956 jore
1951 928 2109 955 vacantem,
2129 921 2162 951 &
2173 921 2208 951 ad
2221 905 2349 953 nostram

1290 960 1526 1004 presentationem
1541 968 1591 996 per
1608 956 1728 995 Lapsum
1743 957 1881 994 temporis
1899 957 1952 987 hac
1966 957 2029 987 vice
2044 958 2230 995 spectantem·
2253 960 2292 991 Et
2308 962 2352 991 di-

1290 1006 1419 1037 riguntur
1436 998 1471 1029 he
1490 997 1584 1028 Litere
1602 996 1733 1027 Patentes
1750 995 1884 1025 Domino
1905 994 2049 1034 Johanm',
2077 983 2354 1036 Lineolnie'Episco-

1290 1047 1416 1106 pOTeste
1432 1074 1513 1112 Rege
1529 1073 1603 1112 apud
1621 1072 1766 1112 Canhury,
1783 1072 1901 1103 decimo
1914 1072 2034 1112 septimo
2053 1073 2099 1105 die
2120 1073 2248 1113 Augusti.

1330 1153 1441 1181 Brunus
1458 1153 1550 1188 Ryves
1564 1173 1574 1188 ,
1601 1149 1754 1194 Clericus,
1779 1148 1808 1193 S..
1831 1147 1873 1179 T.
1898 1147 1929 1179 Β.
1948 1149 2036 1180 habet
2061 1150 2221 1181 consimiles
2249 1151 2356 1186 Literas

1293 1190 1423 1233 Parentes
1441 1190 1476 1219 dc
1492 1189 1696 1234 presentatione
1713 1187 1747 1216 ad
1766 1186 1910 1218 Vicariam
1927 1188 1963 1218 de
1980 1187 2124 1218 Waltham
2143 1192 2234 1220 Stowe
2280 1192 2355 1223 Dio-
2370 1174 2419 1200 NJ,

1294 1233 1362 1261 cesis
1379 1228 1496 1272 Lorfdon
1508 1252 1517 1267 ,
1529 1238 1587 1266 Jam
1602 1228 1738 1264 legittime
1757 1227 1790 1257 &
1807 1226 1843 1255 de
1859 1227 1922 1264 jure
1940 1235 2102 1264 vacantem,
2121 1229 2155 1259 &
2175 1229 2210 1259 ad
2230 1213 2356 1262 iiostsam

1294 1268 1529 1312 presentationem
1556 1276 1605 1304 per
1630 1265 1753 1304 Lapsum
1774 1265 1911 1301 temporis
1931 1265 1984 1295 hac
2003 1266 2066 1295 vice
2084 1267 2275 1304 spectantem·
2317 1270 2357 1301 Et

1293 1308 1452 1378 pinguntur
1471 1306 1510 1336 he
1529 1304 1623 1336 Litere
1642 1305 1775 1336 Patentes
1792 1302 1928 1333 Domino
1965 1302 2125 1343 rt'illielmo,
2150 1293 2358 1347 London'Epi.

1306 1355 1391 1384 copo.

1332 1384 1422 1417 Teste
1441 1383 1526 1423 Rege
1543 1381 1618 1422 apud
1639 1381 1780 1419 cimbam,
1802 1379 1941 1411 vicesimo
1957 1389 2058 1419 quarto
2076 1380 2124 1412 die
2140 1383 2267 1423 Augusti.

2438 1173 2484 1207 512

1336 1459 1504 1491 Willielmus
1523 1457 1646 1505 Houson
1664 1457 1817 1502 Clericus,
1843 1456 1929 1488 habet
1948 1456 2110 1487 consimiles
2128 1457 2237 1491 Literas
2255 1460 2360 1493 Paten-

1300 1508 1340 1544 tes
1358 1499 1395 1530 de
1412 1499 1617 1544 pre-sentatione
1635 1497 1669 1528 ad
1692 1497 1863 1527 Redffinam
1880 1496 1916 1526 de
1932 1495 2040 1534 Bigby,
2056 1495 2187 1529 Diocesis
2199 1500 2344 1530 Lincolm'e
2378 1487 2427 1514 ΝΟ·
2446 1492 2463 1519 5
2466 1492 2493 1512 ⁸·

1299 1547 1358 1577 jam
1378 1538 1517 1577 legittime
1531 1539 1573 1582 .&
1596 1537 1633 1567 de
1648 1536 1712 1573 jure
1734 1544 1884 1566 vacantem
1896 1557 1905 1572 ,
1921 1536 1954 1565 ὃ(
1975 1538 2009 1564 ad
2028 1534 2153 1565 nostram
2176 1524 2362 1574 presentati02

1302 1585 1371 1608 nem
1392 1586 1441 1613 per
1459 1584 1624 1614 pravrratem
1644 1575 1783 1611 Simonie,
1802 1573 1859 1604 sive
1874 1582 1922 1610 per
1940 1572 2062 1610 Lapsum
2078 1576 2228 1613 temporis,
2246 1585 2294 1607 aut
2307 1578 2363 1608 alio

1302 1624 1476 1653 quocunque
1490 1614 1598 1658 modo,
1616 1614 1671 1643 hac
1685 1613 1750 1643 vice
1761 1612 1952 1649 speetantem3
1990 1610 2027 1641 Et
2042 1611 2199 1650 diriguntur
2213 1614 2251 1645 he
2267 1615 2366 1648 Litere

1303 1654 1432 1685 Patentes
1450 1653 1585 1683 Domino
1602 1651 1731 1691 Johanni
1742 1673 1751 1688 ‚
1770 1648 1913 1681 Lincolnie
1932 1648 2085 1687 Episcopo.

1342 1691 1433 1723 Teste
1447 1691 1529 1732 Rege
1544 1692 1618 1731 apud
1633 1689 1778 1729 Canbury,
1793 1689 1918 1720 secundo
1936 1688 1981 1719 die
1996 1688 2167 1727 Septembris.

1343 1771 1472 1807 Georgius
1490 1768 1602 1798 Palmer
1617 1790 1626 1805 ‚
1643 1765 1773 1797 Clericus
1787 1788 1796 1804 ‚
1821 1765 1851 1796 S.
1867 1764 1908 1795 T.
1926 1763 1956 1795 B.
1975 1764 2062 1795 habet
2084 1766 2245 1799 consimiles
2263 1769 2369 1802 Literas

1306 1809 1438 1840 Parentes
1463 1808 1498 1838 de
1546 1807 1733 1851 resentatione
1756 1805 1791 1835 ad
1815 1804 1958 1834 Vicariam
1977 1804 2013 1834 de
2031 1805 2134 1844 Steeple
2160 1806 2271 1845 Afhton
2298 1818 2367 1840 cum

1307 1851 1476 1892 Sannington
1489 1869 1498 1884 ‚
1556 1844 1653 1876 iocesis
1669 1847 1799 1887 Sarum,
1827 1853 1876 1881 per
1900 1843 2113 1880 promotionem
2140 1847 2246 1883 Georgii
2265 1849 2350 1882 th

1307 1885 1417 1916 Clerici
1433 1909 1442 1923 ,
1468 1885 1497 1916 S.
1516 1885 1556 1914 T.
1572 1884 1604 1915 P.
1625 1883 1719 1913 ultimi
1734 1882 1928 1912 incumbentis
1946 1881 2070 1919 ibidem,
2109 1883 2144 1913 ad
2162 1871 2368 1923 Episcopatu&

1306 1924 1343 1955 de
1360 1924 1507 1961 Lymrick,
1532 1924 1560 1953 in
1583 1922 1693 1959 Regno
1717 1920 1818 1952 nostro
1843 1919 1986 1957 Hibernie,
2013 1919 2067 1949 'am
2085 1931 2237 1953 vacantem
2282 1926 2315 1955 &
2333 1926 2370 1956 ad

1307 1962 1434 2007 nostra-m
1453 1962 1688 2000 presentationem
1717 1960 1776 2003 jure
1790 1959 1971 2003 *prerogative
1990 1929 2113 1991 Corone
2132 1961 2229 1992 nostre
2246 1947 2352 2000 ²Anglie

1308 2003 1363 2033 hac
1379 2011 1443 2033 vice
1460 2001 1656 2038 speetantem3
1682 1998 1718 2029 Et
1743 1998 1901 2037 diriguntur
1917 1997 1954 2027 he
1972 1996 2069 2028 Litere
2087 1997 2216 2031 Patentes
2234 1987 2371 2033 Domine}

1309 2040 1458 2080 Johanni,
1478 2042 1574 2069 Sarum
1594 2037 1748 2076 Episcopo.

1344 2078 1435 2112 Teste
1453 2077 1537 2119 Rege
1554 2076 1629 2116 apud
1647 2075 1790 2116 Canbury‚
1809 2077 1906 2115 primo
1922 2074 1968 2106 die
1986 2076 2154 2114 Septembris.

2389 1789 2436 1814 No.
2452 1792 2499 1823 53¹.

1349 2157 1464 2190 Thomas
1474 2159 1580 2203 Baton,
1594 2156 1735 2200 Clericus,
1752 2155 1788 2186 A.
1799 2154 1941 2186 Mhabet
1954 2152 2113 2199 consimiles
2123 2154 2232 2188 Literas
2240 2156 2375 2192 Parentes

1313 2198 1350 2230 dc
1365 2198 1570 2241 presentatione
1585 2197 1618 2226 ad
1629 2195 1769 2225 Vicariam
1778 2194 1813 2225 de
1821 2192 1953 2232 Saldford
1965 2194 2030 2224 alias
2037 2192 2257 2233 Saldefhrdcum
2267 2196 2373 2235 Capel-
2391 2177 2445 2203 Μ’

1310 2238 1335 2268 la
1356 2239 1392 2281 de
1408 2235 1519 2276 Bromly
1534 2236 1598 2266 alias
1618 2232 1760 2272 Brome-ly,
1780 2232 1910 2263 Diocesis
1930 2231 2092 2269 Wintom'e,
2107 2236 2166 2271 Jam
2186 2234 2322 2278 legittime
2337 2237 2372 2268 &

1309 2276 1346 2307 de
1360 2286 1422 2313 lure
1439 2282 1602 2318 vacantem,
1620 2272 1694 2303 &ad
1711 2270 1838 2314 nostram
1857 2270 2092 2310 presentationem
2111 2271 2197 2308 pleno
2211 2282 2276 2311 Jure
2293 2275 2310 2304 s
2325 2285 2374 2306 ec-

1312 2323 1456 2383 tffitzetrginje
1473 2313 1698 2382 ἐξιὶᾶτιξυτιωτ
1725 2310 1763 2341 he
1788 2309 1883 2341 Litere
1909 2308 2039 2340 Patentes
2062 2307 2199 2341 Domino
2221 2284 2376 2353 Gualtgro,

1347 2391 1439 2423 Teste
1456 2361 1539 2429 Rege
1557 2361 1632 2428 agud
1651 2386 1796 2427 eanbury‚
1812 2385 1950 2418 vicesimo
1968 2393 2070 2425 quarto
2085 2385 2131 2417 die
2145 2388 2272 2428 Augusti.

2455 2173 2505 2211 54:

1352 2472 1476 2500 Brianus
1501 2466 1613 2497 Walton
1627 2488 1638 2505 ‚
1659 2464 1790 2496 Clericus
1804 2487 1814 2502 ,
1841 2463 1876 2495 A.
1904 2463 1951 2494 M.
1977 2463 2064 2495 habet
2081 2464 2244 2497 consimiles
2269 2465 2378 2499 Literas

1316 2510 1449 2542 Parentes
1475 2507 1511 2536 de
1531 2505 1735 2549 presentatione
1757 2503 1792 2534 ad
1812 2501 1982 2533 Re&oriam
2000 2504 2095 2533 San&
2114 2508 2239 2535 Mar-tim·
2251 2507 2356 2544 orgari·

1316 2547 1446 2578 Diocesis
1465 2545 1601 2588 [jona'om
1616 2552 1676 2581 jam
1696 2542 1838 2580 legittime
1855 2541 1889 2572 &
1909 2541 1945 2572 de
1957 2541 2021 2579 jure
2040 2551 2189 2574 vacantem
2223 2543 2258 2574 &
2272 2546 2307 2575 ad
2322 2530 2377 2577 nt>³

1315 2587 1401 2631 stram
1419 2584 1657 2629 presentationem
1675 2590 1724 2619 per
1743 2579 1865 2618 Lapsum
1892 2581 2041 2624 temporis,
2065 2580 2121 2611 sive
2140 2567 2378 2620 per’pravitatem

1313 2627 1461 2662 Simonie,
1479 2623 1531 2652 hac
1549 2630 1613 2651 vice
1630 2620 1816 2657 spectantem·
1856 2617 1895 2649 Et
1909 2617 2065 2658 diriguntur
2079 2619 2117 2649 he
2134 2620 2230 2651 Litere
2246 2619 2378 2653 Patentes

1316 2664 1452 2695 Domino
1486 2659 1649 2696 Willielmo,
1668 2657 1784 2687 London
1802 2642 1956 2694 Episcopo.

1354 2700 1446 2732 Teste
1465 2698 1550 2736 Rege
1568 2695 1643 2736 apud
1660 2694 1804 2734 Canbury,
1821 2694 1928 2726 oetavo
1944 2694 1990 2727 die
2007 2695 2177 2734 Septembris.

2394 2489 2445 2515 No.
2458 2488 2507 2522 55.

1354 2779 1374 2798 '²
1393 2779 1528 2808 Henricus
1546 2777 1694 2813 carpentes·
1701 2795 1716 2816 ,.
1730 2770 1879 2808 Clericus,
1899 2771 1937 2802 A.
1955 2771 2001 2802 M.
2019 2772 2104 2804 habet
2116 2773 2277 2805 consimiles
2296 2773 2376 2807 Lite-
2413 2771 2528 2801 ⁸'XIX-⁴

1314 2827 1355 2848 ras
1374 2815 1506 2846 Patentes
1519 2813 1555 2844 de
1572 2812 1776 2853 presentatione
1796 2810 1831 2840 ad
1847 2810 1989 2840 Vicariam
2006 2810 2044 2841 de
2068 2810 2207 2852 Gretford
2245 2813 2379 2845 Diocesis
2396 2819 2411 2846 7
2416 2810 2462 2845 7⁶-

1314 2853 1456 2887 Lincolm‘e
1470 2873 1485 2891 ,-
1504 2861 1555 2891 per
1583 2858 1710 2881 mortem
1737 2849 1830 2880 ultimi
1849 2847 2043 2879 Incumbentis
2062 2849 2170 2881 ibidem
2185 2835 2248 2890 ja’m
2271 2862 2378 2884 vacan-
2400 2852 2450 2878 No.
2463 2845 2513 2884 56.

1314 2903 1389 2930 tem,
1416 2895 1449 2924 &
1466 2891 1501 2922 ad
1523 2889 1649 2933 nostram
1668 2887 1904 2924 presentationem
1922 2887 2009 2927 pleno
2022 2887 2087 2925 jure
2111 2888 2298 2927 spectantem·
2340 2890 2380 2922 Et

1313 2934 1471 3003 ¹diriguntur
1488 2930 1527 2961 he
1549 2929 1647 2959 Litere
1666 2927 1797 2960 Parentes
1821 2925 1958 2957 Domino
1975 2925 2104 2965 Johanni
2118 2950 2128 2966 ‚
2149 2915 2379 2969 Lincolnie’Epi-

1324 2980 1409 3007 copo.

1353 3008 1444 3041 Teste
1460 3006 1544 3046 Rege
1557 3005 1632 3045 apud
1645 3004 1772 3042 canbury
1780 3026 1791 3043 ‚
1808 3002 1945 3035 vicesimo
1959 3011 2061 3042 quarto
2075 3002 2122 3035 die
2135 3005 2307 3045 Septembris.

1356 3084 1468 3117 Samuel
1483 3082 1570 3124 Allb'p
1587 3106 1597 3120 ,
1621 3081 1773 3127 Clericus,
1791 3079 1829 3111 Α.
1847 3079 1896 3124 M.
1915 3079 1999 3112 habet
2019 3080 2179 3124 consimiles
2201 3080 2308 3112 Literas
2327 3081 2382 3113 Pa·
2399 3085 2450 3114 No.
2465 3090 2513 3121 57.

1319 3135 1410 3158 tentes
1428 3124 1464 3168 de
1482 3122 1686 3166 presentatione
1705 3121 1739 3150 ad
1758 3119 1901 3150 Vicariam
1921 3119 1957 3149 de
1974 3120 2087 3157 Acron,
2109 3118 2241 3149 Diocefis
2268 3121 2383 3151 Norwi-

1321 3164 1418 3205 confir,
1431 3172 1491 3202 jam
1509 3162 1649 3200 legittime
1662 3160 1696 3191 &
1711 3158 1746 3189 de
1758 3159 1823 3197 jure
1835 3165 2000 3194 vacantem,
2020 3158 2053 3187 δε
2075 3156 2109 3186 ad
2126 3155 2253 3187 nostram
2268 3159 2381 3195 presen-

566 3209 712 3246 Clericus,
738 3206 765 3236 L
785 3205 820 3236 L.
839 3204 872 3236 B.
891 3204 975 3235 habet
998 3204 1158 3236 consimiles
1184 3204 1290 3249 Literas
1321 3211 1460 3235 tationem
1484 3199 1541 3230 sive
1559 3209 1608 3237 per
1628 3198 1754 3235 Lapsum
1771 3196 1906 3233 temporis
1920 3217 1930 3232 ,
1954 3194 2009 3224 sive
2027 3203 2077 3233 per
2097 3195 2262 3231 pravitatem
2280 3196 2382 3228 Simo-

283 3300 286 3303 *
373 3294 378 3299 .
500 3293 504 3296 ι
533 3291 537 3296 ,
723 3284 728 3288 ,
1155 3243 1288 3273 Diocesis
1319 3243 1384 3278 nie,
1403 3241 1456 3270 hac
1476 3240 1540 3268 vice
1555 3238 1744 3275 spectantem,
1769 3234 1808 3265 Et
1821 3233 1982 3272 diriguntur
2001 3232 2036 3263 lie
2051 3231 2145 3263 Litere
2164 3232 2294 3265 Patentes
2313 3234 2382 3267 Do-

232 3295 355 3334 Brrstol‚
368 3303 427 3331 jam
448 3292 589 3328 legittime
608 3288 642 3318 &
663 3285 699 3315 de
718 3293 779 3320 jure
800 3290 952 3313 vacantem
964 3306 973 3318 ,
988 3282 1021 3312 &
1037 3282 1071 3311 ad
1084 3281 1209 3311 nostram
1224 3291 1289 3318 pse-

511 3327 632 3365 Lapsum
654 3322 809 3361 temporis,
824 3320 881 3350 sive
904 3329 952 3357 per
976 3320 1142 3357 pravitatem
1160 3320 1290 3350 Simonie
1322 3318 1407 3349 tionis
1423 3316 1502 3346 Sedis
1518 3313 1686 3352 Episcopalis
1699 3313 1846 3341 Norwicen
1857 3319 1880 3338 is
1890 3309 2024 3346 prediCie.

1322 3281 1403 3310 mino
1430 3276 1594 3313 Willielmo,
1618 3271 1811 3312 cantuariensi
1830 3271 2072 3309 Archiepiscopo,
2094 3272 2156 3302 &c.
2174 3273 2282 3304 ratione
2298 3283 2382 3306 vaca-

1358 3354 1448 3386 Teste

1326 3393 1436 3426 tembris
1474 3353 1560 3391 Rege
1583 3351 1658 3390 apud
1678 3349 1826 3390 Westmona
1850 3350 1934 3378 crium
1947 3371 1958 3386 ,
1983 3345 2121 3380 vicesimo
2148 3349 2232 3381 tertio
2248 3349 2295 3382 die
2319 3353 2382 3390 Sep-

1362 3470 1478 3502 Thomas
1493 3467 1664 3507 Stevensbn‚
1686 3464 1815 3495 Clericus
1831 3487 1842 3503 ,
1867 3463 1904 3492 Α.
1922 3461 1970 3493 Μ.
1996 3462 2081 3495 habet
2104 3464 2262 3495 consimiles
2281 3465 2389 3498 Literas
2406 3455 2456 3483 No.
2469 3450 2517 3489 5⁸·

279 3526 299 3547 a
320 3522 466 3563 Johannes
483 3522 604 3554 Turner,
619 3515 766 3582 Clericxuls,
784 3512 821 3556 Α.
841 3510 889 3542 Μ.
908 3511 994 3541 habet
1011 3511 1171 3542 consimiles
1189 3511 1297 3542 Literas
1326 3511 1458 3542 Patentes
1487 3508 1524 3538 de
1558 3504 1759 3543 presentatione
1790 3501 1824 3532 ad
1850 3501 1992 3533 Vicariam
2019 3502 2057 3532 de
2087 3502 2301 3541 Standfhrdham
2323 3505 2389 3536 alias

741 3560 853 3582 icariam
871 3550 914 3594 de·
931 3548 1072 3586 Trenegles
1089 3551 1122 3580 δε
1144 3550 1299 3588 Warbullo-

245 3645 251 3650 .
677 3590 846 3621 Cessionem
865 3588 957 3632 ultimi
975 3586 1172 3630 Incumbentis
1190 3588 1297 3618 ibidem
1327 3587 1419 3617 bentis
1434 3584 1541 3614 ibidem
1555 3584 1614 3620 jam
1628 3588 1775 3611 vacantem
1791 3601 1800 3617 ,
1818 3581 1850 3609 δε
1862 3579 1897 3608 ad
1911 3578 2036 3609 nostram
2053 3579 2285 3617 presentationem
2301 3581 2389 3618 pleno

241 3651 301 3682 jam
320 3645 483 3672 vacantem,
501 3635 534 3664 ὅ(
553 3631 586 3662 ad
606 3629 729 3660 nostram
747 3628 980 3664 presentationem
999 3626 1085 3664 pleno
1098 3635 1160 3662 jure
1172 3625 1301 3662 spectan-

1193 3665 1304 3694 Exonie
1331 3674 1390 3699 me,
1410 3658 1587 3698 Dunelmensi
1599 3657 1752 3695 Episcopo.

1329 3548 1494 3578 Standerton
1509 3568 1519 3584 ,
1546 3543 1678 3575 Diocesis
1703 3540 1908 3581 Dunelmenfis,
1931 3550 1981 3578 per
2000 3549 2123 3571 mortem
2150 3543 2240 3572 ultimi
2267 3541 2387 3573 Incum-

1326 3627 1390 3664 jure
1406 3624 1598 3660 speetantem3
1624 3619 1662 3649 Et
1676 3619 1833 3657 diriguntur
1850 3617 1888 3648 he
1906 3617 2004 3648 Litere
2018 3617 2150 3650 Patentes
2167 3618 2302 3648 Domino
2319 3618 2390 3654 Τίνας

1366 3699 1457 3731 Teste
1474 3698 1559 3737 Rege
1576 3695 1650 3734 apud
1668 3694 1808 3733 Canbury,
1824 3693 1948 3726 secundo
1961 3694 2008 3725 die
2023 3693 2154 3724 Oblobirs.

1378 3774 1521 3813 ‘Johannes
1539 3771 1642 3811 Crofley
1655 3794 1665 3809 ,
1693 3770 1840 3816 Clericus,
1866 3771 1903 3800 A.
1923 3770 1971 3801 Μ.
1987 3771 2075 3800 habet
2101 3769 2265 3800 consimiles
2285 3771 2394 3804 Literas
2410 3771 2461 3797 Νθ·
2473 3773 2522 3802 59·

1336 3815 1470 3860 Parentes
1493 3812 1530 3841 de
1555 3811 1759 3854 presentatione
1784 3810 1819 3840 ad
1846 3809 2014 3839 Reemriam
2038 3809 2075 3837 de
2090 3808 2235 3848 Byfleete,
2260 3808 2393 3843 Diocefis

1339 3855 1502 3887 Winton1e‚
1522 3859 1571 3887 per
1592 3852 1808 3887 resignationem
1832 3847 1925 3877 ultimi
1942 3846 2136 3876 incumbentis
2149 3847 2256 3877 ibidem
2266 3849 2328 3885 jam
2343 3861 2395 3881 va-

1337 3899 1466 3937 cantem,
1485 3890 1519 3920 &
1532 3888 1567 3918 ad
1581 3886 1708 3931 nostram
1722 3886 1961 3928 presentationem
1973 3884 2059 3923 pleno
2068 3885 2129 3921 jure
2142 3884 2314 3924 spectantem
2323 3900 2330 3905 ·
2352 3888 2393 3920 Et

1336 3931 1495 3967 diriguntur
1517 3927 1554 3958 he
1575 3926 1671 3957 Litere
1689 3925 1821 3956 Parentes
1839 3922 1974 3954 Domino
1993 3921 2143 3961 Gualrero,
2158 3926 2299 3956 Wintonie
2319 3911 2392 3964 1391..

1337 3969 1436 4007 scopo.
2304 4001 2336 4033 Τ
2353 4001 2375 4033 st

2337 4011 2353 4033 e
2378 4010 2395 4035 e
