2561 4263
142 135 221 188 138

0 214 77 291 As&
84 210 121 287 71.3
148 218 291 290 fflffgum
306 218 388 250 unius
404 216 578 249 AUditOtum
593 214 683 246 Curie
695 214 876 246 Wardorurn
891 214 923 244 δὲ
940 210 1160 242 Liberationum
1176 204 1210 236 ad

0 296 52 320 Aa.
78 299 120 325 ¹3·
1128 283 1162 314 p¹
1180 282 1210 314 S.

0 334 63 358 Car.
84 337 108 356 ι.

501 372 556 399 Pro
573 367 710 399 Timotheo
727 370 859 396 Turneur.

41 419 103 443 Pars
193 411 277 449 Rex,
294 410 410 441 decimo
425 408 471 438 die
486 407 562 445 Julii
573 432 580 444 ,
599 406 733 437 concedit
750 403 891 434 Timotheo
904 404 1030 431 Turneur
1048 399 1214 438 Armigero,

5 456 117 493 quadra·
156 451 298 481 Officium
333 448 463 478 usticiarii
482 448 568 485 Regis
584 448 610 475 in
635 444 830 474 Comitatibus
847 445 1034 477 Carnarvon,
1055 434 1213 482 Merioneth

1 492 99 531 gesima
156 491 190 522 &
205 488 296 527 Angle
310 498 339 526 ey
352 488 423 516 infra
437 485 678 524 Principalitatem
695 481 812 519 Wallie,
830 480 950 510 durante
968 478 1155 514 beneplacito.

0 533 76 569 sexta
86 551 93 562 ,
1001 519 1055 546 Per
1072 518 1178 553 Regem.

4 574 56 600 No.
75 579 119 598 rt.

598 598 652 626 Pro
669 596 767 625 eodem.

39 650 100 674 Pars
194 643 275 680 Rex,
291 638 427 670 vicefimo
442 638 544 678 quinto
560 636 605 666 die
619 634 712 673 Julii,
727 633 863 664 concedit
877 632 1015 663 Timotheo
1024 633 1147 662 Turneur
1164 629 1218 659 Ar-

7 686 107 723 quzdru
159 684 286 719 mittero,
304 677 446 708 Officium
460 675 610 715 justiciarii
628 674 714 713 Regis
729 675 757 703 in
775 672 924 703 Comitatu
941 670 1128 706 Camarthen,
1144 673 1218 699 Fem-

157 720 234 750 broke
251 719 284 750 ὃ(
299 717 451 752 Cardigan,
468 716 500 744 &
518 715 546 742 in
563 712 633 743 Villa
652 713 684 743 ὃ(
702 711 850 742 Comitatn
867 711 902 740 de
918 707 1217 748 Haverford-BVeff&

0 734 98 799 5:2er
157 757 304 826 gomiiatu
328 755 411 793 Burgi
435 754 470 784 de
487 750 670 783 carmarthen
692 751 721 780 in
739 749 950 788 Principalitate
967 748 1080 785 Wallie,
1101 747 1218 777 durante

7 804 58 829 No.
76 811 100 836 7.
194 805 248 833 nep
260 802 345 824 acito.

1134 823 1168 854 Ρ.
1186 822 1217 853 S.

503 909 558 937 Pro
576 905 677 936 Thoma
695 902 852 943 Thompfhn.

156 1025 306 1066 Lancaster
321 1025 472 1063 imposuit,
491 1022 625 1061 quamdiu
641 1022 668 1052 se
682 1021 756 1052 bene
771 1019 894 1058 gesserit.

502 1140 555 1168 Pro
573 1137 674 1168 Thomu
694 1135 869 1173 Witherings.

10 1192 105 1260 λεΐιζιῖι
116 1248 123 1260 ,
161 1231 219 1251 max
235 1219 409 1254 Witherings
425 1216 541 1254 Es'quire
551 1238 560 1254 ,
577 1215 624 1247 the
640 1213 856 1246 Letter-Office
870 1212 906 1243 of
918 1210 1092 1243 Postmaster
1106 1210 1151 1240 for
1168 1209 1222 1239 Fo-

9 1272 59 1299 No.
81 1278 107 1296 2.
162 1260 239 1298 reign
255 1258 334 1290 Parts
348 1256 454 1293 during
467 1255 525 1285 life.

508 1373 564 1400 Pro
583 1368 725 1399 lid-wardo
746 1366 869 1398 Walker.

11 1423 117 1495 23²?
161 1450 305 1482 Officium
323 1451 403 1480 unius
414 1448 610 1480 Heraldorum
624 1447 714 1486 Regis
729 1446 765 1478 ad
775 1446 864 1477 Arma
873 1468 883 1484 ,
901 1443 1034 1483 quamdiu
1046 1443 1072 1473 se
1081 1443 1152 1472 bene
1166 1441 1224 1480 ges-

11 1505 107 1536 quarta
116 1517 123 1529 ,
161 1489 233 1521 serit.

11 1540 63 1567 No.
84 1545 114 1563 ιο
1143 1517 1228 1553 Ροδ·

471 1604 526 1632 Pro
546 1599 697 1631 Rowlando
715 1597 906 1640 Wandesford.

50 1653 112 1678 Pars
199 1640 282 1682 Rex,
299 1642 437 1674 vicefimo
454 1650 536 1671 nono
557 1641 602 1670 die
625 1639 801 1677 Septembris,
817 1636 953 1669 concedit
968 1634 1120 1667 Rowlando
1143 1638 1226 1664 Wan-

10 1690 125 1728 quaara-
161 1681 271 1721 desford
285 1681 449 1719 Armigero,
466 1678 610 1710 Officium
629 1678 773 1708 Attornati
789 1675 878 1709 Curie
893 1675 983 1716 Regis
999 1675 1178 1706 Wardorum
1193 1674 1226 1705 &

7 1728 105 1766 gelima
115 1748 122 1759 ,
161 1721 381 1752 Liberationum
395 1719 512 1750 durante
529 1716 719 1756 beneplacito.

11 1770 61 1798 No.
84 1775 114 1803 ¹3
1147 1749 1182 1782 P.
1198 1749 1229 1780 S.

394 1836 448 1865 Pro
463 1832 618 1864 Rowlando
638 1830 822 1869 Wanderfhrd
838 1832 992 1869 Armigero.

50 1884 113 1908 Pan
199 1874 282 1912 Rex,
297 1873 432 1904 vicesimo
449 1883 529 1903 nono
552 1872 597 1902 die
613 1870 792 1909 Septembris,
813 1871 950 1901 concedit
971 1865 1123 1899 Rowlando
1143 1868 1229 1896 Μη-

11 1921 127 1958 quadra·
162 1912 272 1952 desford
286 1914 452 1952 Armigero,
464 1911 608 1941 Officium
620 1909 764 1940 Attornati
776 1909 900 1938 bomini
916 1907 1022 1948 Regis,
1041 1906 1130 1938 Curie
1139 1906 1227 1937 War-

8 1958 105 1996 gejima
162 1952 267 1983 dorum
281 1952 314 1983 ὅ(
331 1951 551 1983 Liberationum
566 1950 686 1980 durante
705 1947 894 1985 beneplacito.

5 1998 85 2035 sexta
1143 1982 1177 2014 P.
1197 1982 1228 2014 S·

12 2042 63 2065 No.
83 2045 113 2063 ιο

518 2068 572 2096 Pro
591 2064 737 2094 Edwardo
756 2062 876 2093 Walker.

11 2112 124 2143 Ibidem,
198 2104 281 2142 Rex,
296 2105 411 2136 decimo
427 2115 507 2136 nono
522 2107 567 2135 die
587 2107 681 2141 Maii,
703 2103 840 2133 concedit
861 2100 1003 2131 Edwardo
1022 2099 1151 2138 Walker,
1170 2098 1230 2130 Of-

12 2156 62 2180 No.
85 2160 127 2186 ¹7·
161 2143 257 2175 ficium
276 2146 356 2175 unius
376 2144 614 2175 Purlivandorum
628 2142 663 2174 ad
680 2142 770 2173 Arma
784 2149 877 2173 vocat.
895 2140 1108 2178 Rougedragon,
1126 2149 1227 2179 quam-

161 2184 209 2214 diu
223 2186 249 2214 se
264 2184 336 2215 bene
351 2184 475 2224 gesserit.

453 2299 507 2327 Pro
526 2300 644 2327 Henrico
663 2301 765 2335 Wynne
783 2299 939 2340 Armigero.

161 2422 188 2447 te
209 2414 277 2446 vita.

155 2593 386 2639 Prefintationes
408 2591 443 2624 de
473 2594 565 2625 Anno
591 2593 685 2638 Regni
720 2593 808 2638 Regis
844 2589 954 2623 Caroli
983 2589 1094 2623 decimo
1126 2594 1225 2622 tertio.

10 2697 88 2729 Αῃῃ,
101 2693 133 2724 D
163 2688 320 2743 Ricardus

7 2741 15 2746 ’
32 2736 108 2772 1637

11 2778 71 2803 pn,
91 2782 133 2809 ¹3-
158 2763 297 2801 legittime
314 2766 345 2795 δε
361 2765 396 2793 de
409 2773 468 2801 jure
483 2773 650 2800 vacantem,
669 2764 701 2793 ὅ(
721 2763 755 2792 ad
776 2761 902 2791 nostram
920 2762 1152 2799 presentationem
1174 2771 1224 2798 per

10 2817 64 2841 Car
98 2821 106 2838 ι
160 2805 327 2841 pravitatem
347 2802 478 2832 Simonie
495 2802 551 2832 sive
566 2811 615 2838 per
636 2800 761 2837 Lapsum
778 2801 914 2837 temporis
933 2801 986 2830 hac
1010 2803 1075 2831 vice
1096 2800 1225 2836 specstan-

159 2851 237 2880 tem,
258 2841 294 2872 Et
312 2841 469 2879 diriguntur
487 2840 525 2870 he
547 2839 639 2870 Litere
656 2838 786 2870 Parentes
804 2837 977 2869 Reverenosso
993 2840 1021 2868 in
1041 2838 1160 2869 Christo
1174 2839 1225 2868 Pa-

10 2899 37 2918 n,
56 2891 116 2922 ¹7⁶·
159 2883 212 2917 tri,
232 2891 265 2911 ac
285 2880 416 2910 Domino
432 2878 580 2916 Johanm',
599 2875 780 2917 permissione
792 2876 889 2906 divina
913 2876 1056 2906 Lincolnie
1074 2877 1224 2915 Episcopo.

10 2857 37 2888 p.
55 2860 94 2886 ¹3·

194 2918 285 2951 Teste
299 2918 387 2957 Rege
398 2917 472 2956 apud
486 2915 742 2956 Westmonasterium
751 2937 761 2953 ‚
781 2915 916 2945 vicesimo
932 2915 1009 2946 sexto
1024 2917 1069 2946 die
1084 2917 1198 2946 Marzii.

195 2995 366 3027 Confimiles
384 2994 489 3025 Literas
503 2993 635 3025 Parentes
646 2994 752 3024 habent
768 2992 885 3031 persone
899 2992 1051 3030 subscripte
1065 2992 1116 3022 sub
1130 2990 1225 3023 diver-

160 3036 192 3067 fis
207 3036 273 3066 datis
286 3036 372 3065 etiam
385 3033 554 3072 subscriptis.

47 3136 109 3161 175·

165 3302 283 3334 Christo
299 3303 377 3334 Patri
390 3303 542 3340 Gualtero,
561 3304 705 3331 Wintonie
725 3299 879 3338 Episcopo.

201 3341 292 3372 Teste
310 3341 391 3381 Rege
407 3342 479 3382 apud
497 3338 774 3380 Westmonasterium,
792 3337 918 3369 secundo
937 3337 983 3368 die
998 3335 1117 3374 Aprilis.

38 3429 55 3446 ‘
66 3428 131 3456 Yx.

21 3476 85 3501 ²05.

54 3513 116 3540 174.

168 3452 299 3486 Parentes
313 3457 347 3485 de
363 3458 565 3494 presentatione
579 3461 612 3484 au
625 3454 793 3484 Rettoriam
808 3452 843 3481 de
852 3451 988 3490 Cantriff}

169 3609 290 3640 Christo
306 3607 379 3638 Patri
396 3610 515 3645 Rogero,
536 3608 695 3647 menevenfi
709 3607 862 3645 Episcopo.

206 3648 295 3679 Teste
313 3646 393 3685 Rege
409 3646 481 3685 apud
497 3646 767 3686 Weslmonasterium,
786 3645 902 3675 decimo
918 3651 1000 3673 nono
1013 3641 1059 3673 die
1073 3644 1189 3682 Aprilis.

58 3750 119 3779 ¹73.

173 3957 282 3984 ‘ventrio
295 3950 331 3986 &¹
351 3950 475 3990 Lichenfi
492 3950 644 3987 Episcopo.

208 3991 297 4024 Teste
313 3990 395 4028 Rege
411 3988 484 4028 apud
501 3988 779 4028 Wstmonasterium,
798 3989 935 4020 vicesimo
950 3990 1035 4020 tertio
1048 3988 1094 4019 die
1109 3988 1227 4027 Aprilis.

193 947 276 985 Rex,
294 947 411 978 decimo
431 946 478 976 die
501 948 591 982 Maii,
617 944 751 975 concedit
774 943 871 972 Thome
891 939 1057 980 Thompfim,
1077 937 1220 970 Officium

113 1008 119 1014 ·
156 989 238 1018 unius
254 987 466 1017 Herauldorum
481 985 514 1014 ad
526 983 614 1014 Arma
624 1005 633 1021 ,
651 984 684 1013 &
699 983 724 1012 ei
735 991 843 1012 nomen
861 981 1010 1018 vulgariter
1022 986 1220 1016 nuncupatum

1143 1054 1176 1086 P.
1192 1053 1223 1085 S.

197 1181 266 1212 The
283 1178 380 1219 King,
399 1178 447 1208 the
463 1186 570 1215 twenty
589 1175 692 1206 second
709 1175 760 1215 day
783 1175 819 1205 of
830 1174 931 1213 June,
950 1173 1084 1212 granteth
1099 1180 1130 1202 to
1153 1170 1226 1200 Tho-

1142 1285 1177 1318 P.
1197 1285 1228 1317 S.

194 1411 280 1448 Rex,
300 1410 444 1442 tricesimo
460 1410 554 1447 primo
568 1410 613 1438 die
626 1407 780 1446 Januarii,
799 1404 934 1437 concedit
948 1403 1090 1435 Edwardo
1109 1401 1227 1440 Walker,

1159 2209 1229 2264 pgs.

196 2336 284 2375 Rex,
296 2337 434 2368 vicesimo
450 2338 543 2374 primo
559 2336 604 2366 die
620 2339 711 2372 Mali,
732 2335 878 2366 constituit
893 2337 1045 2365 Henricum
1059 2334 1164 2372 mnne
1173 2332 1228 2363 Ar·

118 2401 124 2408 .
161 2378 301 2420 migerum
311 2400 320 2416 ,
338 2375 549 2407 Seneschallurn
565 2373 653 2405 Curie
670 2374 766 2406 Palatii
782 2374 870 2414 Regis
885 2371 1110 2412 Westmonasterii
1125 2373 1229 2403 duran·

1148 2449 1182 2480 P.
1201 2448 1229 2480 S.

340 2686 482 2724 Randall,
501 2686 648 2724 Clericus,
664 2684 749 2715 habet
767 2684 874 2715 Literas
888 2684 1018 2716 Patentes
1033 2685 1069 2716 de
1084 2684 1223 2721 presenta-

224 2732 302 2757 tione
325 2726 360 2756 ad
382 2725 550 2755 &estonam
574 2725 609 2755 de
631 2722 817 2761 Northseale,
839 2723 969 2753 Diocefis
992 2724 1150 2760 Lincolnie,
1169 2725 1224 2760 jam

195 3110 345 3142 Timotheus
361 3111 457 3148 Hood,
475 3109 622 3146 Clericus,
640 3107 674 3138 A.
696 3105 743 3138 M.
763 3108 848 3139 habet
864 3106 1025 3138 consimiles
1049 3106 1157 3137 Literas
1172 3106 1225 3136 Pa-

162 3159 252 3182 tentes
273 3151 307 3181 de
328 3149 534 3187 presentatione
560 3149 594 3179 ad
622 3146 790 3177 Rectoriam
810 3154 847 3178 oe
871 3144 1040 3176 Bentworth
1053 3168 1062 3184 ,
1094 3145 1225 3176 Diocesis

162 3192 320 3225 Wintom'e,
337 3189 396 3225 jam
413 3188 550 3225 legittime
565 3187 598 3217 &
616 3187 652 3215 de
661 3185 726 3223 jure
742 3194 909 3222 vacantem,
928 3185 961 3215 &
977 3185 1010 3214 ad
1027 3183 1151 3214 nostram
1162 3194 1227 3222 pre-

161 3228 258 3258 sentari
271 3236 347 3257 mem
360 3235 408 3263 per
427 3227 592 3264 pravitatem
610 3223 741 3253 Simonie
755 3223 811 3254 sive
828 3233 876 3261 per
895 3222 1016 3261 Lapsurn
1026 3224 1165 3260 temporis
1175 3223 1227 3253 hac

163 3267 226 3296 vice
242 3266 432 3303 spectantem,
452 3264 489 3294 Et
506 3265 663 3301 diriguntur
686 3262 724 3292 he
744 3261 836 3292 Litere
858 3261 987 3293 Patentes
1007 3261 1178 3292 Reverendo
1197 3262 1225 3292 in

209 3416 227 3436 ¹*
241 3416 355 3447 Thomas
374 3416 496 3453 Powell,
517 3414 664 3452 Clericus,
692 3414 725 3444 A.
747 3413 795 3443 Μ.
819 3413 902 3444 habet
929 3412 1089 3444 consimiles
1114 3412 1225 3446 Literas

998 3476 1006 3489 ,
1028 3451 1156 3482 Diocesrs
1168 3457 1230 3482 Me-

169 3493 307 3532 nevenfis,
327 3503 379 3529 lam
397 3495 529 3532 legittime
546 3495 578 3525 «Sc
598 3493 632 3522 de
652 3495 709 3529 jure
735 3500 901 3527 vacanern,
918 3491 949 3520 ὃς
969 3491 1002 3519 ad
1026 3490 1149 3519 nostram
1165 3501 1229 3529 pre-

164 3532 351 3563 sentationem
369 3542 414 3568 per
432 3533 551 3569 Lapsum
566 3532 704 3568 temporis
719 3530 774 3560 sive
789 3538 837 3567 per
847 3530 1011 3567 pravitatem
1027 3528 1158 3560 Simonie
1174 3532 1228 3560 hac

167 3581 234 3602 vice
249 3571 441 3609 spect-antem,
461 3570 495 3600 Et
509 3571 666 3608 diriguntur
683 3570 719 3600 he
737 3568 832 3600 Litere
855 3565 984 3598 Patentes
1005 3565 1180 3599 Reverendo
1198 3569 1230 3600 in

207 3723 365 3762 Ambrofius
381 3721 536 3764 Safirhury,
554 3721 698 3760 Clericus,
718 3722 755 3752 A.
773 3720 818 3751 Μ.
834 3721 921 3752 habet
941 3719 1102 3750 consimiles
1123 3719 1229 3751 Literas

170 3762 303 3793 Potentes
311 3763 346 3790 de
356 3762 559 3794 presentatione
567 3760 600 3789 ad
614 3760 781 3791 Restoriam
795 3761 831 3789 de
844 3762 967 3789 Newton
978 3761 1055 3795 Regis
1069 3758 1132 3788 alias
1139 3760 1229 3788 New-

169 3808 217 3831 ton
232 3804 261 3829 in
275 3799 399 3838 Thistles,
421 3798 550 3828 Diorelis
566 3802 713 3827 Coventrie
728 3801 759 3830 ὅ(
780 3797 918 3837 Lichenfis
929 3818 938 3834 ‚
955 3797 1012 3833 jam
1034 3797 1172 3835 legittime
1194 3800 1228 3828 &

169 3839 205 3870 de
220 3847 279 3875 jure
293 3847 378 3879 vatin
393 3847 440 3866 em
450 3860 459 3874 ,
475 3838 508 3866 &
519 3837 552 3866 ad
563 3836 686 3865 nostram
702 3837 939 3873 presentationem
953 3845 1002 3872 per
1015 3836 1177 3873 pravitatem
1186 3836 1229 3865 Si-

170 3878 269 3908 nionie
288 3878 343 3905 sive
360 3885 406 3911 per
414 3875 535 3911 Lapsurn
549 3875 685 3911 temporis
693 3874 746 3905 hac
762 3876 828 3905 vice
841 3874 1034 3912 speritantem5
1051 3873 1088 3903 Et
1102 3874 1229 3912 dirigun-

170 3926 209 3946 tur
234 3917 267 3945 h<
283 3914 375 3944 Litere
390 3913 518 3942 Parentes
541 3912 715 3943 Reverendo
740 3914 770 3942 in
790 3912 908 3943 Christo
932 3912 1009 3943 Patri
1025 3912 1161 3950 Roberto,
1178 3916 1229 3941 Co·

599 115 1384 169 CONVENTIONES,
1438 113 1838 162 LITERAE,

1287 199 1464 240 christoferus
1481 199 1603 243 nater,
1624 200 1769 238 Clericus,
1789 199 1825 230 A.
1844 198 1893 230 Μ.
1911 198 1997 230 habet
2018 198 2183 230 confimiles
2205 198 2317 229 Literas
2338 187 2415 225 Arm.
2429 187 2476 229 D.

1256 239 1386 271 Parentes
1398 241 1434 270 de
1450 241 1654 279 presentatione
1668 240 1702 270 ad
1715 239 1881 271 Rectoriam
1891 238 1927 270 de
1941 238 2150 277 Moringthorpe
2165 239 2229 268 :ilias
2240 239 2319 267 Mor·
2368 229 2455 269 ¹⁶37-

1255 278 1434 317 ningthorpe,
1453 278 1584 309 Diocesis
1599 278 1796 316 Νινντιυιίιίιίίε,Ἰ
1811 287 1861 314 per
1869 287 1995 308 mortem
2011 278 2105 307 ultimi
2122 276 2324 307 incumbentis
2341 270 2392 294 ²¹⁰·
2413 277 2458 304 ¹3·

1255 318 1363 347 ibidem
1378 328 1434 355 jam
1451 317 1683 354 vacantem‚.&‘
1696 323 1729 349 ad
1745 315 1877 348 'nostram
1896 317 2133 353 presentationem
2155 316 2243 354 pleno
2259 315 2323 351 jure
2345 311 2406 334 ΕΜ·
2428 314 2454 334 ¹·

1256 355 1447 392 spectantem,
1467 355 1503 385 Et
1519 356 1676 395 diriguntur
1695 354 1731 384 He
1749 355 1843 384 Litere
1854 355 1991 385 Parentes
2003 354 2181 385 Reverendo
2196 356 2224 384 in
2235 353 2322 384 Chri·
2374 353 2435 380 ¹7²·

1259 393 1304 424 sto
1322 393 1398 424 Patri
1413 393 1545 423 Mattheo
1556 417 1566 431 ,
1584 393 1757 433 Norwicenfi
1769 392 1925 430 Episcopo.

1296 432 1387 475 Teste
1397 431 1477 470 Rege
1491 434 1564 470 apud
1578 431 1834 471 Westmonasterr'um
1844 453 1855 470 ,
1871 431 2012 461 vicesimo
2026 432 2134 463 οᾶὶανο
2143 431 2190 462 die
2203 430 2324 470 Aprilis.

1294 507 1410 538 Thomas
1426 506 1567 545 Fletcher,
1586 507 1732 547 Clericus,
1752 508 1788 547 Α.
1806 506 1852 538 Μ.
1871 507 1956 539 habet
1973 507 2136 538 consimiles
2151 508 2258 540 Literas
2267 508 2322 540 Pa-

1258 555 1348 578 tentes
1356 548 1391 576 de
1402 546 1607 588 presentatione
1614 547 1648 576 ad
1659 547 1800 577 Vicariatn
1813 547 1868 576 sive
1876 545 2023 583 Capellam
2031 547 2328 583 SanffeMarthealias

1264 584 1444 624 Martirhill,
1465 584 1596 614 Diocesrs
1617 588 1776 623 Wintom‘e,
1791 585 1854 623 jam
1876 583 2012 624 legittime
2034 586 2067 616 ὃς
2089 586 2125 615 de
2138 586 2202 622 jure
2223 596 2326 616 vacan-

1263 633 1338 662 tem,
1357 626 1388 655 &
1405 626 1438 654 ad
1454 622 1579 653 nostram
1599 623 1834 661 presentationem
1850 624 1936 661 pleno
1951 625 2008 660 jure
2022 624 2212 661 speffilantem3
2233 623 2268 654 Et
2283 625 2328 654 di-

1263 665 1391 703 riguntur
1403 663 1440 692 he
1453 662 1547 692 Litere
1563 661 1694 692 Parentes
1707 661 1880 692 Reverendo
1893 663 1922 692 in
1942 661 2062 695 Christo
2077 661 2154 694 Patri
2174 662 2327 702 G‘ualtero,

1265 705 1306 732 W
1309 704 1409 737 intonie
1422 701 1578 738 Episcopo.
1733 726 1736 728 .
1752 712 1753 715 ¹

1299 740 1388 771 Teste
1406 740 1485 780 Rege
1499 739 1575 778 apud
1585 737 1840 778 qumonasterium
1850 760 1860 776 ,
1877 739 1962 769 tertio
1977 739 2024 770 die
2037 741 2121 770 Maii.

2379 515 2439 542 ¹7¹-

1301 816 1448 856 Johannes
1466 818 1587 855 Bowen,
1605 815 1753 853 Clericus,
1774 812 1866 844 A.M.
1881 814 1965 845 habet
1977 815 2141 846 consimiles
2158 816 2328 848 LiterasPa-

1265 864 1356 886 tentes
1372 857 1408 885 de
1422 857 1626 894 presentatione
1641 855 1672 884 ad
1689 853 1859 884 Rectoriam
1877 854 1913 883 de
1925 854 2071 891 Grena'on,
2091 854 2223 885 Diocesrs
2236 859 2328 886 Here-

1257 893 1373 934 fordie,
1388 895 1447 932 jam
1462 894 1599 932 legittime
1615 895 1648 925 &
1663 893 1699 923 de
1714 893 1775 930 jure
1788 901 1938 923 vacantem
1948 916 1959 930 ,
1973 894 2006 923 &
2022 892 2056 922 ad
2074 892 2199 923 nostram
2214 896 2327 934 presen-

1265 934 1404 964 tationem
1424 942 1473 970 per
1490 932 1612 970 Lapsum
1633 934 1768 968 temporis
1785 931 1976 969 spectantem,
1995 930 2035 962 Et
2050 930 2208 969 diriguntur
2226 934 2264 964 he
2278 933 2328 964 Li-

1265 980 1324 1003 tere
1342 971 1471 1002 Parentes
1486 974 1596 1008 Georgia
1607 994 1616 1007 ,
1630 969 1794 1010 Herefordie
1808 969 1964 1008 Episcopo.
2055 990 2060 995 .

1301 1009 1392 1041 Teste
1410 1010 1492 1050 Rege
1505 1010 1577 1048 apud
1594 1008 1871 1050 westmonasterium,
1887 1009 1995 1039 octavo
2008 1006 2055 1039 die
2070 1010 2155 1039 Maii.

2379 823 2441 851 170.

1305 1090 1439 1118 Henricus
1454 1090 1556 1125 Bates,
1571 1085 1719 1125 Clericus,
1737 1085 1773 1116 A.
1793 1085 1838 1117 Μ.
1855 1086 1942 1118 habet
1964 1084 2126 1115 consimiles
2147 1086 2257 1117 Literas
2279 1086 2333 1118 Pa·
2382 1080 2444 1115 ¹⁶9-

1269 1135 1359 1169 tentes
1372 1127 1408 1156 de
1424 1127 1626 1162 presen‘tatione
1637 1126 1671 1156 ad
1689 1125 1858 1157 Rectortam
1874 1125 1909 1155 de
1923 1123 2024 1164 Kelsby
2035 1124 2113 1154 beate
2129 1128 2244 1164 Marie,
2258 1125 2335 1156 Dio-

1271 1168 1339 1196 cesrs
1356 1163 1519 1203 Lincalnie,
1544 1173 1593 1202 per
1613 1172 1738 1195 mortem
1755 1164 1848 1197 ultimi
1867 1162 2064 1195 incumbentis
2083 1164 2192 1194 ibidem
2211 1164 2267 1201 jam
2287 1174 2336 1194 va·
2370 1164 2372 1168 '

1274 1212 1405 1247 cantem,
1426 1203 1457 1233 ὃ(
1474 1204 1507 1232 ad
1527 1202 1650 1232 nostram
1667 1203 1900 1239 presentationem
1916 1202 2002 1240 pleno
2019 1202 2074 1232 'ure
2091 1202 2282 1240 speClantem3
2300 1202 2338 1235 Et

1272 1242 1434 1280 diriguntur
1449 1241 1487 1271 he
1510 1241 1604 1271 Litete
1618 1240 1749 1272 Patentes
1766 1241 1941 1272 Reverendo
1956 1241 1986 1271 in
2033 1240 2126 1272 hristo
2138 1241 2212 1272 Patri
2224 1241 2341 1280 Johan-

1274 1284 1322 1317 ni,
1343 1280 1483 1310 Lincolnie
1498 1279 1650 1318 Episcopo.

1308 1319 1399 1351 Teste
1413 1317 1496 1358 Rege
1510 1320 1583 1359 apud
1597 1316 1878 1357 Wstmonasterium,
1895 1317 2004 1349 ottavo
2019 1316 2066 1363 die
2083 1320 2167 1348 MaiJ'.

1311 1395 1455 1436 Johonnes
1466 1395 1594 1434 Fabian,
1614 1394 1764 1433 Clericus,
1784 1393 1811 1425 A
1837 1393 1883 1425 M.
1901 1394 1989 1425 habet
1999 1394 2160 1426 consimiles
2175 1395 2345 1428 LiterasPa-
2388 1398 2450 1428 1⁶8.

1276 1445 1368 1467 tentes
1385 1438 1421 1466 o'e
1442 1436 1646 1473 presentatione
1665 1435 1697 1464 ad
1718 1433 1885 1473 Rettornm
1901 1434 1938 1463 de
1953 1432 2121 1470 Nettleton,
2139 1433 2270 1466 Diocefis
2289 1439 2343 1465 Sa.

1274 1486 1350 1511 rum,
1365 1475 1424 1513 jam
1443 1475 1582 1513 legittime
1598 1475 1629 1505 St
1647 1473 1682 1503 de
1698 1473 1757 1508 iure
1774 1481 1920 1503 vacantem
1932 1495 1941 1510 ,
1961 1473 1991 1502 ὅ(
2008 1472 2043 1502 ad
2059 1471 2184 1502 nostram
2202 1474 2342 1509 presenta—

1276 1515 1386 1545 tionem
1403 1523 1453 1551 per
1473 1513 1591 1550 Lapsum
1608 1513 1745 1549 temporis
1761 1511 1816 1541 sive
1829 1520 1878 1550 per
1894 1511 2031 1548 pravitem
2046 1510 2174 1541 Simonie
2196 1511 2249 1542 hac
2271 1514 2339 1544 vice

1276 1552 1470 1590 spec‘iantern3
1491 1551 1528 1582 Et
1543 1552 1706 1590 diriguntur
1721 1551 1757 1580 be
1774 1550 1869 1580 Litere
1883 1549 2015 1580 Patentes
2023 1548 2197 1580 Reverendo
2209 1551 2238 1580 in
2254 1549 2345 1582 Chri-

1276 1590 1321 1622 sto
1339 1590 1410 1620 Patri
1427 1590 1576 1628 Johanni,
1594 1594 1691 1619 Sarum
1705 1588 1859 1626 Episcopo.

1313 1629 1405 1660 Teste
1418 1628 1503 1668 Rege
1517 1628 1590 1666 apud
1608 1627 1864 1668 westmonasterium
1873 1648 1883 1663 ,
1900 1624 2078 1658 duodecimo
2092 1624 2139 1657 die
2152 1629 2238 1657 Maii.

1312 1705 1464 1745 Johannes
1483 1704 1598 1743 Smyth,
1617 1703 1762 1740 Clericus,
1782 1703 1817 1734 A.
1835 1702 1858 1733 B
1883 1701 1967 1733 habet
1983 1702 2145 1733 consimiles
2167 1703 2272 1736 Literas
2287 1705 2342 1737 Pa-

1277 1754 1368 1777 tentes
1381 1747 1416 1774 de
1430 1746 1634 1782 presentatione
1650 1743 1684 1773 ad
1700 1742 1843 1773 Vicariam
1854 1741 1889 1771 de
1897 1744 2026 1771 Sancrett
2041 1741 2107 1772 alias
2122 1743 2342 1782 Sancred,Dr'o-

1275 1786 1343 1815 celis
1357 1786 1483 1821 Exonie,
1498 1784 1559 1821 jam
1575 1783 1720 1819 legittime
1733 1783 1766 1813 ὃ(
1782 1782 1818 1811 de
1833 1781 1895 1819 jure
1919 1789 2085 1817 vacantem,
2104 1781 2135 1811 &
2158 1781 2192 1811 ad
2214 1783 2341 1813 nostram

1276 1824 1514 1861 presentationem
1532 1832 1580 1861 per
1599 1823 1765 1859 pravitatem
1779 1820 1912 1850 Simonie
1929 1819 1984 1848 sive
2000 1829 2049 1858 per
2068 1819 2190 1856 Lapsum
2204 1823 2343 1861 temporis

1275 1863 1329 1893 hac
1347 1862 1410 1891 vice
1426 1862 1616 1898 spectantem,
1637 1859 1670 1890 [it
1685 1860 1844 1895 diriguntur
1857 1858 1893 1889 he
1909 1857 2002 1888 Lirere
2020 1857 2147 1888 Parentes
2169 1857 2342 1892 Reverendo

1278 1903 1306 1932 in
1324 1900 1444 1930 Christo
1459 1899 1532 1930 Patri
1549 1897 1687 1938 Jojepho,
1705 1899 1815 1927 Exonie
1827 1896 1984 1935 Episcopo.

1311 1939 1402 1970 Teste
1416 1938 1584 1978 Regevapud
1600 1936 1882 1977 Wellmonasterium,
1899 1934 2077 1966 duodecimo
2093 1933 2139 1965 die
2152 1937 2236 1966 Maii.

2393 1709 2455 1744 167.

1316 2019 1409 2055 Hopus
1427 2015 1558 2054 Gz'ffiard,
1580 2002 1731 2051 Clericus,
1750 2013 1786 2044 A.
1809 2011 1856 2043 Μ.
1876 2012 1962 2043 hal-et
1980 2010 2138 2042 consimiles
2162 2011 2272 2044 Literas
2295 2013 2350 2046 Pa·
2393 2011 2458 2038 Ι66-

1277 2065 1366 2087 tentes
1382 2056 1417 2086 de
1434 2055 1636 2092 presentatione
1649 2054 1681 2083 ad
1704 2052 1870 2083 Re6t0riam
1895 2051 1931 2082 de
1947 2049 2085 2090 Byfleete,
2103 2050 2233 2083 Diocesis
2260 2057 2296 2081 W
2301 2058 2346 2084 in-

1276 2100 1367 2131 tonie,
1389 2104 1437 2132 per
1456 2104 1580 2124 mortem
1600 2093 1691 2124 ultimi
1712 2091 1909 2122 lncumbentis
1925 2090 2030 2120 ib;denr
2050 2090 2107 2128 jam
2124 2099 2291 2129 vacantem,
2309 2093 2344 2123 &

1275 2135 1308 2164 aci
1327 2133 1449 2164 nostram
1467 2132 1703 2170 presentationem
1728 2130 1815 2169 pleno
1841 2130 1898 2160 'ure
1920 2129 2111 2166 spectantem,
2131 2126 2168 2158 Et
2186 2131 2346 2169 diriguntur

1275 2173 1318 2240 hie?
1332 2173 1435 2241 lfiitesrce)
1442 2170 1571 2240 Izatentes
1588 2169 1763 2202 Reverendo
1778 2170 1807 2199 in
1826 2166 1948 2198 christo
1964 2166 2042 2197 Patri
2057 2166 2211 2206 Gualtera,
2229 2171 2344 2200 Winm-
2391 2198 2395 2201 ,

1274 2222 1292 2241 n
1311 2221 1401 2280 'Iesse
1415 2220 1499 2288 Rpeg'e
1512 2248 1585 2287 apud
1605 2246 1881 2287 Wstmonastestum,
1899 2243 2078 2276 duodecimo
2093 2244 2141 2275 die
2159 2246 2244 2275 Maii.

1312 2328 1447 2359 Ricardus
1461 2326 1531 2367 Glyn
1542 2350 1552 2365 ,
1570 2325 1721 2362 Clericus,
1740 2324 1765 2354 A
1794 2323 1827 2355 B.
1842 2323 1928 2353 habet
1942 2321 2100 2353 consimiles
2116 2322 2225 2354 Literas
2239 2322 2346 2355 Paten-
2385 2319 2445 2354 ¹⁶5·

1277 2375 1317 2398 tes
1331 2368 1366 2397 de
1384 2367 1588 2404 presentat-ione
1602 2366 1636 2395 ad
1654 2364 1826 2395 Reetonam
1847 2361 1883 2391 de
1901 2361 2012 2391 Ederne
2034 2361 2099 2391 alias
2118 2361 2341 2401 Llan-Ederne,

1277 2406 1406 2436 Diocesis
1419 2409 1549 2442 Bangor,
1564 2405 1624 2442 jam
1646 2403 1787 2441 legittime
1809 2402 1842 2432 &
1861 2400 1896 2431 de
1911 2400 1974 2438 jure
1992 2409 2163 2439 vacantem,
2179 2401 2213 2431 &
2232 2402 2267 2431 ad
2287 2411 2342 2432 no,-

1275 2445 1362 2476 stram
1382 2446 1617 2482 presentationem
1635 2451 1683 2479 per
1701 2440 1823 2478 Lapsum
1841 2440 1978 2476 temporis
1993 2438 2050 2469 sive
2066 2448 2114 2476 per
2122 2439 2288 2477 pravitatem
2295 2439 2344 2471 Si-

1276 2493 1375 2514 monie
1391 2483 1444 2513 hac
1460 2484 1525 2512 vice
1542 2482 1735 2518 specstantem,
1752 2478 1787 2509 Et
1801 2478 1961 2515 diriguntur
1976 2477 2013 2508 he
2030 2477 2127 2508 Litere
2142 2476 2342 2510 Patente'sR&

1276 2524 1401 2554 verendo
1420 2524 1448 2552 in
1463 2521 1581 2550 Christo
1600 2519 1675 2550 Patri
1691 2517 1851 2554 Edmundo,
1871 2519 1983 2553 Bangor
2000 2515 2155 2555 Episcopo.

1313 2560 1404 2592 Teste
1418 2559 1499 2599 Rege
1515 2560 1588 2597 apud
1603 2556 1880 2598 westmonasterium,
1899 2555 2036 2586 vicesimo
2051 2555 2153 2594 quinto
2169 2554 2213 2586 die
2230 2557 2315 2585 Maii.

2372 2630 2389 2647 ‘
2405 2631 2476 2661 XX.

2358 2672 2423 2697 206.

2390 2710 2452 2746 164.

1314 2642 1328 2656 ”⁵
1337 2641 1463 2675 Georgius
1472 2635 1569 2667 Holme
1578 2659 1588 2674 ,
1606 2633 1755 2671 Clericus,
1774 2633 1811 2663 Α.
1831 2631 1878 2662 M.
1893 2631 1982 2662 habet
1996 2631 2158 2662 consimiles
2168 2631 2276 2662 Literas
2283 2630 2337 2662 Pa-

1273 2687 1362 2709 rentes
1375 2678 1411 2707 de
1425 2676 1631 2714 presentatione
1647 2672 1682 2703 ad
1697 2671 1867 2702 Reeloriam
1884 2669 1920 2700 de
1934 2669 2064 2705 clame,
2083 2670 2216 2699 Diocesis
2230 2673 2336 2703 Caven-

1273 2721 1326 2747 trie
1342 2717 1379 2751 όν
1397 2713 1555 2752 Lichenfis,
1570 2721 1620 2750 per
1634 2719 1756 2741 mortem
1773 2709 1864 2740 ultimi
1881 2707 2078 2739 Incumbentis
2091 2708 2200 2738 ibidem
2212 2708 2274 2745 jam
2289 2718 2337 2738 va-

1272 2764 1404 2790 cantem,
1424 2755 1457 2785 &
1473 2757 1507 2782 ad
1522 2752 1649 2781 nostram
1663 2749 1899 2788 presentationem
1913 2747 2000 2785 pleno
2011 2748 2075 2783 Jure
2090 2747 2279 2785 mediantem,
2298 2745 2338 2777 Et

1272 2795 1432 2832 diriguntur
1448 2790 1484 2822 he
1500 2790 1593 2820 Litere
1609 2787 1738 2818 Pazentes
1756 2784 1932 2816 Reverendo
1945 2786 1979 2815 in
1990 2783 2109 2815 Christo
2123 2784 2201 2816 Patri
2210 2785 2339 2824 Roberto,

1272 2833 1419 2862 Covemrie
1435 2829 1472 2864 &
1490 2827 1617 2865 Lichensi
1635 2825 1657 2855 E
1681 2826 1788 2861 iscopo.

1309 2870 1399 2901 Teste
1417 2868 1495 2906 Rege
1511 2866 1584 2904 apud
1602 2836 1878 2905 Wesfmonasterium,
1896 2861 2033 2893 vicesimo
2048 2861 2150 2900 quinto
2166 2862 2212 2892 die
2235 2864 2321 2892 Maii.

1310 2944 1471 2975 Edwardus
1483 2941 1610 2982 Westley,
1629 2940 1777 2978 Clericus,
1797 2939 1826 2970 S.
1840 2939 1880 2970 T.
1898 2937 1930 2970 B.
1945 2939 2031 2970 habet
2047 2939 2208 2970 consimiles
2231 2938 2338 2971 Literas

1272 2985 1405 3016 Parentes
1418 2986 1453 3014 de
1469 2982 1675 3018 presentatione
1686 2980 1720 3009 ad
1740 2979 1906 3010 Rectoriam
1922 2978 1958 3008 de
1972 2977 2115 3008 Littleton
2131 2978 2195 3008 alias
2209 2979 2337 3014 Litlingf-

1271 3032 1321 3054 ten
1335 3024 1398 3054 alias
1412 3021 1585 3058 Hillington,
1606 3019 1736 3050 Diocelis
1749 3018 1867 3048 London
1877 3017 1951 3055 ,jam
1966 3017 2148 3056 legittime&
2165 3017 2201 3046 de
2208 3018 2270 3054 jure
2284 3027 2336 3050 vai-

1273 3072 1385 3094 cantem
1396 3085 1405 3099 ,
1423 3064 1456 3093 ὃ(
1471 3062 1504 3091 ad
1523 3060 1647 3088 nostram
1665 3056 1899 3095 presentationem
1916 3065 1965 3093 per
1984 3054 2108 3093 Lapsum
2127 3056 2262 3090 temporis
2278 3054 2335 3085 sive

1272 3112 1322 3140 per
1337 3102 1504 3139 pravitatem
1519 3098 1649 3129 Simonie
1666 3098 1716 3126 hac
1734 3097 1797 3126 vice
1810 3094 2002 3132 spectantem,
2021 3094 2057 3123 Et
2072 3093 2274 3130 dirigunturhe
2283 3093 2335 3123 Li-

1273 3150 1331 3172 tere
1346 3140 1475 3170 Patentes
1495 3136 1670 3167 Reverendo
1685 3137 1716 3166 in
1731 3133 1850 3165 Christo
1866 3133 1940 3164 Patri
1958 3131 2109 3167 Gulielmo,
2126 3130 2245 3161 London
2264 3130 2337 3170 Epi..

1272 3181 1399 3248 sccsspste
1416 3215 1497 3254 Rege
1509 3214 1582 3252 apud
1599 3211 1872 3254 Westmonasterium,
1891 3208 1974 3239 terrio
1989 3206 2036 3237 die
2048 3204 2145 3244 Junit’.

2387 2947 2450 2982 163.

1312 3293 1443 3325 Ricardus
1458 3291 1561 3331 Ruffi’ll
1568 3314 1577 3328 ,
1595 3289 1744 3324 Clericus,
1763 3286 1797 3317 Α.
1818 3282 1862 3315 Μ.
1882 3284 1969 3314 habet
1983 3281 2146 3313 consimiles
2161 3282 2269 3316 Literas
2282 3284 2337 3316 Pa.

1273 3341 1365 3363 tentes
1376 3333 1410 3362 de
1426 3337 1627 3368 presentatione
1641 3328 1673 3357 ad
1684 3325 1850 3356 Rectoriam
1867 3322 1903 3352 de
1916 3325 2024 3351 Froome
2038 3320 2206 3352 Billcttalias
2215 3322 2336 3363 Bellon,

1274 3370 1406 3401 Diocesis
1421 3368 1535 3408 Brtstol,
1552 3369 1605 3405 jam
1620 3365 1758 3406 legittime
1768 3363 1799 3393 St
1815 3362 1921 3403 dejure
1933 3369 2081 3391 vacantem
2092 3361 2142 3403 ,ξε
2154 3362 2190 3403 ad
2206 3361 2334 3392 nostram

1274 3409 1509 3447 presentationem
1524 3408 1611 3444 pleno
1619 3405 1684 3441 jure
1704 3405 1760 3431 sive
1778 3410 1825 3437 per
1842 3400 1967 3436 Lapsurn
1989 3407 2125 3442 temporis
2147 3400 2336 3439 spectantem3

1274 3448 1313 3478 Et
1326 3448 1482 3484 diriguntur
1497 3446 1532 3475 be
1550 3444 1642 3473 Litere
1659 3441 1791 3471 patentes
1810 3438 1981 3468 Reverendo
1997 3439 2027 3468 in
2043 3436 2171 3468 Christo
2187 3437 2263 3470 Patri
2278 3441 2336 3470 Ro-

1273 3487 1349 3516 berto
1360 3508 1368 3522 ,
1388 3484 1486 3521 Eristol
1500 3482 1652 3521 Episcopo.
1959 3514 1964 3520 Ι
2202 3480 2205 3482 ·

1302 3523 1403 3555 >Teste
1421 3523 1501 3561 Rege
1515 3521 1589 3558 apud
1603 3514 1886 3557 Wstmonasterium,
1903 3522 1987 3545 tertio
2004 3513 2051 3545 die
2061 3514 2150 3553 Junii.

2385 3301 2450 3332 162.
2480 3328 2483 3329 .

1310 3600 1458 3640 Johannes
1471 3600 1582 3633 Horne,
1600 3593 1745 3630 Clericus,
1765 3592 1800 3623 A.
1817 3591 1862 3627 Μ.
1882 3592 1967 3623 habet
1984 3591 2144 3632 consimiles
2158 3590 2267 3622 Literas
2280 3590 2335 3623 Pa-

1275 3648 1366 3671 tentes
1380 3639 1415 3668 de
1431 3636 1636 3676 presentatione
1651 3633 1683 3662 ad
1701 3631 1842 3662 Vicariam
1859 3631 1893 3662 de
1915 3630 2066 3661 Hedendon
2086 3630 2148 3660 alias
2170 3630 2334 3668 Hedingdon

1275 3680 1339 3709 alias
1353 3677 1511 3712 Hedmgton
1521 3699 1530 3709 ,
1550 3672 1681 3702 Diocesrs
1697 3673 1820 3708 Oxonie,
1835 3670 1892 3708 jam
1908 3670 2045 3709 legittime
2057 3669 2089 3699 ὃ(
2103 3668 2138 3698 de
2149 3667 2213 3706 jure
2231 3679 2336 3700 vacan-

1274 3725 1334 3748 tem
1349 3738 1359 3753 ,
1378 3716 1410 3745 &
1420 3715 1455 3744 ad
1465 3711 1591 3742 nostram
1600 3710 1836 3747 presentationem
1846 3709 1931 3746 pleno
1943 3710 2001 3746 jure
2006 3707 2063 3737 five
2069 3716 2118 3743 per
2129 3706 2251 3744 Lapsum
2261 3717 2336 3739 tem-

1273 3756 1350 3794 poris
1361 3753 1553 3790 spectantem,
1571 3749 1608 3779 Et
1623 3749 1781 3787 diriguntur
1798 3748 1833 3777 he
1853 3748 1946 3777 Litere
1967 3746 2096 3777 Patent&
2112 3743 2288 3777 Reverendo
2304 3748 2336 3779 in

1275 3792 1397 3824 Christo
1412 3790 1487 3820 Patri
1500 3787 1631 3827 Johanni
1646 3791 1750 3816 oxonie
1770 3786 1940 3823 Episcopo...

1312 3830 1402 3860 Teste
1420 3828 1502 3866 Rege
1518 3828 1590 3864 apud
1611 3825 1888 3865 Westmonasterium,
1906 3822 1990 3853 tertio
2002 3820 2047 3851 die
2062 3820 2153 3859 Junii.

2385 3615 2449 3643 16¹.

1314 3905 1446 3937 Rohertus
1459 3907 1532 3941 Bee,
1550 3902 1697 3940 Clericus,
1717 3902 1752 3932 A.
1770 3899 1817 3930 Μ.
1832 3899 1916 3929 habet
1928 3897 2090 3929 consimiles
2110 3897 2216 3929 Literas
2233 3899 2337 3932 Paten-

1278 3952 1319 3977 ‘tes
1333 3946 1367 3975 <se
1383 3945 1584 3982 presentatione
1598 3944 1632 3971 ad
1650 3939 1814 3972 Re&oriam
1830 3937 1865 3968 de
1880 3936 2032 3967 Willartou
2045 3936 2110 3967 alias
2117 3936 2252 3968 Wollaton
2265 3948 2337 3971 cum

1277 3982 1392 4024 Coffall,
1413 3981 1542 4017 Diocesis
1557 3978 1749 4017 Eboracenfis,
1759 3976 1974 4019 jamlegit‘titne
1994 3976 2032 4018 ὃς
2044 3975 2081 4004 de
2095 3976 2155 4012 jure
2176 3984 2342 4013 vacantem,

1279 4020 1486 4055 &adnostram
1503 4018 1747 4058 presentationem
1763 4024 1813 4053 per
1827 4021 1995 4052 pravitatem
2003 4013 2137 4045 Simonie
2144 4013 2341 4081 fivepetliap-

2291 4060 2342 4081 um

2388 3919 2449 3946 160.
