2561 4263
743 153 1178 196 REGINAE

492 324 653 360 cardinali
676 329 777 374 Pugio.

898 368 906 378 X

108 410 394 468 REverendiffime
409 412 437 442 in
462 411 582 443 Christo
602 412 692 443 Pater.
731 412 849 443 Litterae
869 412 970 443 vestrae
988 422 1078 444 v111.
1100 411 1166 443 Cal.

194 450 314 490 Augusti
336 450 475 481 Bononiae
496 451 569 482 datae
586 473 596 489 ,
627 459 754 488 acceptae
776 451 860 481 nobis
883 452 915 482 δε
939 460 1024 491 gratae
1045 451 1167 482 fuerunt.

105 488 282 520 Adferebant
295 490 375 520 enim
392 489 489 520 secum
504 490 642 520 illustrem
663 489 910 527 testificationem,
936 492 969 522 δε
990 490 1119 529 obsequii
1136 492 1165 519 in

106 527 267 559 Caesaream
283 527 506 566 Maiestatem&
519 529 703 558 observantia:
719 537 784 567 erga
800 527 966 560 Dominum
983 528 1165 568 Conjugem-

106 576 163 604 que
177 567 307 598 nostrum
332 566 547 604 charissimum,
562 567 595 597 &
617 566 699 596 studii
723 567 835 603 iniignis
855 576 938 605 atque
959 567 1166 598 benevolentiae

104 614 173 642 erga
186 616 255 644 nos,
273 615 328 645 qua
339 606 427 636 animi
442 604 524 635 vestri
538 604 742 644 propensione,
753 604 885 643 variaque
899 605 1065 636 officiorum
1079 605 1168 635 ratio-

106 652 159 680 ne,
174 645 299 675 multum
314 643 536 675 deleetabamur.
573 643 622 674 De
639 643 732 674 nostra
746 652 839 674 autem
857 644 977 674 vicisiim
992 652 1058 682 erga
1071 644 1107 674 V.
1125 642 1168 673 D.

109 682 276 721 voluntate,
302 692 355 712 nos
368 681 486 723 quidem
508 692 567 711 non
585 691 644 713 tam
659 683 817 713 commode
837 693 915 712 nunc
934 683 1062 719 Litteris,
1081 690 1168 720 quam

105 719 230 751 libenter
247 720 354 758 nostris
372 722 480 757 (emper
499 720 601 751 officiis
620 720 833 751 declarabimus.
878 721 939 757 Qui
960 730 1030 750 vero
1049 720 1168 757 praesens

103 768 196 788 rerum
215 758 376 789 nostrarum
395 757 477 789 status
497 759 546 798 sit,
566 768 742 798 opportune,
761 760 823 791 ἃς.
860 758 1108 789 Westmonasterii
1127 767 1165 787 22

106 796 182 836 Aug.
202 806 289 837 1554.

402 928 448 960 D.
475 927 579 966 Bona,
604 927 720 970 Reginae
744 922 880 958 Poloniae.

105 1008 323 1065 SEreniffimae
337 1010 515 1049 Principiffie
530 1010 572 1040 D.
583 1009 690 1046 Bonae,
709 1010 769 1040 &c-
808 1007 846 1038 M
856 1020 876 1041 A
887 1020 910 1041 R
923 1020 934 1040 1
945 1020 977 1047 A,
995 1011 1055 1042 &a
1092 1006 1172 1037 Salu-

163 1057 223 1079 tem
247 1051 281 1080 &
307 1049 532 1080 feliciffimarum
557 1057 649 1078 rerum
675 1047 842 1084 prosperum
870 1049 991 1087 sempes
1010 1046 1171 1079 successum

112 1097 198 1127 atque
216 1088 438 1119 incrementum.
476 1086 654 1117 Serenissima
671 1085 803 1124 Regina,
825 1087 914 1118 Soror
932 1087 1028 1118 nostra
1046 1083 1173 1117 chariffi-

112 1137 170 1157 ma.
191 1126 338 1157 Adventus
355 1126 509 1163 Magnifici
528 1125 589 1155 Viri
603 1149 613 1162 ,
627 1124 711 1166 Joan.
734 1124 819 1154 Laut.
837 1126 1037 1165 Pappacodae,
1065 1123 1175 1154 Orato-

109 1167 147 1196 ris
167 1164 273 1203 vestri,
291 1165 433 1202 imprimis
449 1164 534 1194 nobis
552 1170 664 1202 optatus
682 1163 750 1200 ruit,
776 1165 790 1193 a
809 1174 867 1202 quo
885 1166 1046 1196 Serenitatis
1063 1161 1174 1193 Vestrae

107 1212 248 1243 pergratas
264 1204 395 1247 Litteras,
412 1203 488 1233 laetas
505 1202 704 1240 gratulationes
715 1202 748 1232 &
763 1204 894 1242 praeclara
917 1203 1040 1234 Munera
1059 1201 1175 1238 accepi-

111 1252 187 1272 mus.
225 1242 260 1273 ln
279 1241 394 1272 Litteris
414 1240 570 1278 Maiestatis
588 1239 691 1272 vestrae
708 1240 818 1272 summa
832 1242 1005 1273 humanitas:
1032 1242 1063 1271 in
1080 1248 1175 1278 gratu-
1208 1250 1211 1254 ·

112 1281 220 1311 latione
231 1303 242 1318 ,
260 1280 404 1319 singularis
421 1279 634 1310 benevolentia:
651 1279 681 1309 in
698 1278 843 1318 Munere,
859 1280 1036 1318 Magnificus
1050 1280 1174 1315 vereque

109 1319 221 1356 Regius
240 1319 352 1348 animus
373 1317 427 1348 sese
449 1318 627 1348 ostendebat.
665 1317 724 1347 Pro
739 1320 840 1357 quibus
856 1319 971 1356 singulis
987 1321 1018 1349 in
1029 1328 1083 1348 nos
1105 1315 1176 1346 offi-

109 1358 178 1395 ciis,
198 1366 314 1395 magnas
329 1358 431 1397 gratias
446 1357 595 1387 Serenitati
615 1354 717 1386 vestrae
741 1358 847 1388 habent
864 1358 980 1395 quidem
997 1366 1076 1387 nunc
1087 1378 1097 1393 ‚
1121 1365 1175 1384 no-

111 1395 173 1426 stro
198 1397 332 1434 nomine,
347 1397 394 1426 hae
410 1395 514 1426 nostrae
533 1395 666 1426 Litterae:
679 1404 742 1433 aget
757 1397 841 1426 eiiam
857 1405 954 1426 coram
965 1396 1015 1427 suo
1029 1396 1178 1429 sermone,

110 1434 159 1464 hic
173 1434 313 1465 Nuncius
332 1433 442 1472 vester,
466 1435 499 1465 &
515 1434 655 1471 referent,
670 1433 809 1470 speramus
819 1457 829 1472 ,
843 1434 993 1473 aliquando
1011 1441 1109 1464 mutua
1122 1441 1178 1462 no-

109 1473 166 1503 stra
186 1472 301 1510 officia,
322 1473 340 1503 si
354 1482 481 1510 unquam
497 1472 611 1503 occasio
625 1473 712 1510 ferat,
731 1481 761 1502 ut
774 1482 823 1504 aut
836 1473 937 1504 vestrae
952 1472 1101 1503 Serenitati
1118 1479 1178 1509 gra-

112 1519 174 1541 tam
189 1522 252 1542 rem
263 1534 273 1550 ,
291 1520 338 1542 aut
354 1511 452 1542 vestris
465 1511 634 1541 hominibus
648 1511 887 1542 commoditatem
905 1511 991 1542 ullam
1008 1511 1099 1541 facere
1121 1519 1177 1546 po-

112 1550 239 1580 terimus.
277 1550 334 1581 Sed
356 1550 392 1579 de
414 1550 513 1579 nostro
532 1557 597 1586 erga
621 1549 657 1579 V.
676 1549 707 1579 S.
730 1549 824 1579 studio
846 1551 880 1582 &
895 1550 932 1580 de
953 1559 1049 1580 rerum
1068 1547 1178 1579 nostra-

119 1597 206 1627 rum,
222 1589 283 1619 &c.
322 1586 576 1620 Westmonasterii
592 1597 632 1617 22
648 1587 724 1626 Aug.
743 1596 830 1626 1554.

536 1662 648 1701 ,Vestra
667 1662 887 1704 Consanguinea
905 1666 940 1698 &
959 1664 1047 1696 Soror

974 1740 1146 1773 MAR1A.

296 1866 456 1900 Cardinali
480 1867 677 1910 Mantuano,
694 1877 750 1913 pro
773 1870 860 1900 Petro
885 1866 1011 1901 Vannes.

116 1950 406 2008 REverendiffime
421 1950 506 1982 Pater
523 1951 557 1982 ὃς
572 1950 757 1983 Illustriffime
772 1952 805 1983 P.
819 1952 1067 1991 Intelligimus,&
1082 1954 1109 1984 id
1117 1955 1180 1994 qui-

196 1990 266 2022 dem
288 1991 426 2029 libenter,
460 1989 568 2027 quanta
598 1999 668 2020 cum
686 1991 880 2030 humanitate,
914 1991 951 2022 V.
972 1991 1011 2022 R.
1032 1991 1074 2022 D.
1091 2003 1131 2023 nu
1152 2003 1182 2023 er

115 2029 249 2061 Mantuae
267 2037 414 2067 acceperat
429 2028 563 2059 nostrum
579 2028 614 2058 ad
635 2028 771 2065 Senatum
792 2030 934 2060 Venetum
950 2030 1107 2061 Oratorem
1149 2042 1182 2062 e-

118 2077 195 2099 trum
214 2068 339 2099 Vannes.
375 2067 474 2105 Itaque
490 2076 551 2096 non
571 2068 716 2103 potuimus
734 2070 917 2099 committere
936 2070 1005 2107 quin
1025 2069 1104 2107 quod
1123 2079 1182 2101 erat

117 2116 177 2138 tam
192 2107 353 2137 humaniter
369 2106 479 2136 factum
498 2104 595 2136 nostra
621 2105 721 2143 causa,
749 2108 984 2144 comprobaretur
1008 2108 1128 2138 libenter
1150 2109 1184 2139 &

116 2156 205 2184 quam
225 2145 354 2183 primum
371 2144 474 2175 nostris
493 2143 618 2174 Litteris.
655 2144 694 2175 Et
711 2155 780 2176 cum
798 2146 848 2176 alia
863 2155 946 2184 atque
962 2147 1012 2177 alia
1027 2146 1185 2185 indies,no-

118 2195 211 2223 vaque
235 2184 328 2214 vestra
339 2184 369 2214 in
387 2193 441 2213 nos
455 2182 591 2213 constent
604 2181 717 2221 officia,
732 2184 781 2214 has
794 2185 880 2215 etiam
896 2185 991 2215 alteras
1005 2185 1114 2216 nostras
1131 2196 1187 2216 no-

117 2233 222 2261 vasque
232 2223 352 2253 Litteras
367 2221 468 2253 vestrae
478 2221 687 2252 Dominationi
702 2222 860 2254 scribendas
876 2223 931 2254 effe
943 2224 1090 2254 duximus:
1110 2224 1187 2254 Non

120 2270 155 2292 ut
180 2260 302 2292 vestram
329 2270 408 2291 nunc
433 2261 641 2291 humanitatem
665 2261 869 2300 compensent,
896 2262 942 2293 sed
965 2271 995 2294 ut
1010 2262 1140 2293 nostram
1157 2264 1188 2293 in

122 2300 272 2338 posterum
289 2299 469 2330 voluntatem
486 2299 580 2329 solum
597 2299 760 2337 significent.
802 2299 888 2331 Mens
913 2302 994 2331 enim
1012 2301 1107 2332 nostra
1126 2311 1188 2333 non

122 2339 165 2370 est
185 2348 215 2369 ut
229 2338 315 2369 verba
327 2338 512 2375 respondeant
527 2337 626 2376 saetis,
642 2347 697 2368 nec
714 2347 745 2368 ut
761 2338 879 2370 Littera:
892 2339 1055 2370 satisfaciant
1065 2339 1170 2370 officiis
1180 2363 1190 2378 ‚

121 2378 169 2408 sed
191 2386 223 2408 ut
238 2387 309 2415 nos,
335 2376 428 2407 studio
439 2377 499 2414 jam
515 2385 608 2414 pares,
625 2375 770 2407 beneficiis
792 2378 944 2417 aliquando
960 2379 1115 2417 superiores
1131 2380 1191 2409 exi-

123 2416 248 2452 stamus,
266 2415 336 2446 curn
350 2415 452 2445 idonea
468 2415 552 2445 nobis
569 2416 604 2444 ad
623 2415 651 2445 id
666 2416 780 2446 occasio
795 2416 858 2447 data
875 2417 969 2447 fuerit.
1005 2417 1087 2447 Nam
1104 2417 1122 2447 fi
1139 2428 1192 2448 ve-

125 2455 181 2485 stra
196 2454 371 2484 Humanitas
389 2454 419 2483 in
434 2455 509 2484 bene
525 2453 662 2483 merendo
677 2463 789 2485 tantum
802 2455 839 2485 de
853 2455 954 2485 nostro
969 2454 1093 2487 Oratore
1118 2466 1192 2486 con-

124 2493 254 2531 stitisset,
281 2493 317 2523 de
333 2492 430 2531 gratiis
443 2491 480 2522 V.
498 2492 540 2522 D.
553 2491 687 2530 agendis,
706 2493 798 2531 deque
813 2494 934 2531 officiis,
956 2493 1054 2524 vestris
1069 2495 1191 2525 viciffim

130 2532 304 2562 hominibus
316 2531 479 2570 opportune
495 2530 663 2569 referendis,
679 2531 863 2562 solummodo
885 2532 1096 2563 laboraffemus.
1134 2533 1192 2564 Sed

126 2580 198 2601 cum
219 2569 312 2600 vestra
329 2570 411 2606 ipfius
425 2569 516 2607 probe
531 2569 616 2598 nobis
636 2571 751 2608 cognita
772 2579 854 2609 atque
875 2571 1020 2609 perspecta
1043 2572 1112 2609 sint,
1132 2583 1193 2603 non

122 2609 202 2639 dicta
213 2608 308 2638 soliim
324 2607 487 2638 honorifice
503 2630 511 2645 ‚
526 2608 572 2637 sed
589 2607 661 2637 facta
675 2609 761 2638 etiam
783 2608 988 2639 officiosissime
1005 2619 1059 2647 pro
1080 2610 1195 2640 nostro-

123 2657 184 2678 met
200 2646 306 2677 tuendo
322 2647 442 2676 nomine
457 2654 543 2683 atque
559 2645 730 2684 Dignitate,
745 2656 885 2685 quantum
900 2658 952 2678 nos
968 2649 1073 2678 merito
1082 2648 1190 2679 Vestrae

127 2685 167 2716 R.
189 2685 231 2716 D.
247 2685 386 2716 debemus
400 2707 410 2722 ,
443 2684 556 2715 Litteris
575 2693 651 2714 nunc
670 2685 785 2723 Quidem
802 2686 923 2717 libenter
943 2685 1096 2725 significare
1112 2712 1121 2724 ,
1147 2686 1194 2717 sed

127 2725 231 2754 debitis
245 2723 366 2754 viciffim
382 2722 487 2753 officiis
510 2723 656 2753 cumulate
678 2723 830 2761 aliquando
854 2725 1046 2764 repraesentare
1068 2725 1195 2764 aliquan-

124 2762 165 2793 do
174 2764 345 2802 cogitamus.
382 2762 582 2801 Hamptoniae,
597 2762 635 2791 26
650 2761 773 2802 August.
791 2771 876 2802 1554.

487 2899 619 2930 Civitati
645 2894 817 2941 Godanenfi.

130 2981 338 3043 MAgnifici
354 2983 475 3014 Domini
492 2979 849 3025 Proconsuthonsules,
874 2983 1036 3024 Senatores,
1051 2985 1113 3016 &c-
1154 2986 1195 3018 A-

231 3023 304 3052 mici
327 3021 502 3053 Charissimi.
554 3020 600 3050 Ex
624 3029 706 3051 variis
731 3021 848 3052 Litteris
879 3023 978 3054 vestris
1008 3025 1195 3063 intelligimus

132 3063 221 3100 quam
234 3060 405 3101 flagitiosum
422 3060 531 3090 facinus
544 3068 670 3096 nequam
687 3059 777 3102 homo
787 3060 899 3097 Anglus
912 3062 1094 3093 Guillielmus
1109 3063 1194 3094 Hud-

133 3103 235 3138 sonus,
255 3101 310 3130 una
324 3109 394 3130 curn
410 3099 484 3137 aliis,
502 3100 531 3127 in
545 3096 717 3127 excudendis
733 3099 846 3129 famosis
864 3099 995 3138 Libellis,
1013 3111 1103 3138 nuper
1119 3104 1194 3140 apud

131 3150 185 3169 vos
206 3138 390 3178 perpetravit.
427 3138 549 3175 Quanto
568 3135 652 3166 etiam
679 3134 771 3165 studio
795 3137 827 3166 &
851 3137 919 3168 cura
942 3140 1084 3170 honorem
1106 3149 1192 3179 atque

131 3178 300 3217 dignitatem
314 3177 449 3207 omniurn
468 3175 651 3211 Principum,
670 3175 815 3212 prcecipue
833 3178 903 3205 vero
918 3176 974 3207 hoc
996 3186 1127 3215 tempore
1142 3189 1195 3209 no-

132 3216 220 3246 stram
231 3215 453 3255 prosequimini,
469 3223 503 3245 ex
523 3212 630 3243 eisdem
647 3212 760 3242 Litteris
774 3212 875 3243 vestris
889 3215 990 3254 magna
1004 3226 1073 3246 cuin
1096 3217 1195 3248 nostra

133 3255 284 3291 voluptate
299 3254 502 3293 cognovimus.
541 3251 612 3288 Qua
625 3252 655 3280 in
669 3260 697 3280 re
707 3253 966 3288 ,quemadmodum
980 3254 1129 3285 ostenditis
1145 3266 1196 3287 vos

132 3293 207 3332 ipsos
220 3293 253 3322 &
268 3301 360 3331 gratos
375 3293 409 3324 δε
426 3300 568 3322 memores
581 3289 790 3320 benevolentiae
803 3299 855 3332 per
877 3301 928 3320 nos
945 3294 1027 3322 vobis
1041 3292 1171 3329 praestitae
1183 3318 1193 3332 ,

131 3333 171 3362 ita
187 3340 257 3368 nos,
276 3332 335 3367 pari
350 3331 456 3360 ratione
470 3330 631 3368 judicamus
646 3327 777 3366 eandem,
794 3330 814 3358 11
836 3339 889 3366 qua
903 3339 934 3359 ea
950 3330 1008 3369 est,
1027 3332 1055 3360 in
1073 3331 1194 3363 vestram

130 3369 361 3406 Reinpublicam
379 3369 513 3405 praeclare
536 3367 654 3406 positam
680 3367 810 3409 beneque
834 3368 1002 3399 collocatam
1025 3369 1115 3399 fuisse.
1155 3371 1194 3402 Et

133 3418 202 3438 cum
218 3407 297 3444 Vos,
314 3416 383 3436 cum
405 3415 510 3445 magno
525 3405 627 3436 vestrae
643 3404 823 3442 Reipublicae
840 3406 964 3444 honore,
983 3408 1015 3437 ἃ
1031 3407 1129 3438 illustri
1143 3410 1196 3441 be·-

134 3446 309 3478 nevolentiae
324 3443 425 3474 vestrae
439 3454 504 3482 erga
517 3454 573 3475 nos
586 3442 803 3483 significatione,
828 3454 890 3474 eam
916 3447 1055 3476 rationem
1073 3446 1194 3484 justitiae

133 3486 167 3516 δε
188 3482 436 3514 animadversionis
459 3482 626 3513 exercendae
647 3483 676 3512 in
692 3482 753 3512 illos
772 3483 977 3514 consceleratos
998 3485 1128 3516 homines
1144 3487 1194 3517 ha-

137 3525 242 3559 beatis,
261 3530 291 3552 ut
311 3522 326 3551 {1
339 3521 422 3551 nobis
437 3520 580 3557 postuletis
592 3522 715 3560 aliquem
735 3530 846 3551 certum
872 3521 1125 3562 Commiffarium,
1145 3527 1194 3563 qui

132 3562 196 3601 jure.
213 3561 275 3591 istic
291 3560 350 3590 hoc
365 3560 489 3596 impium
506 3560 609 3589 horum
627 3560 780 3590 hominum
799 3560 907 3591 facinus
931 3561 1124 3601 persequatur,
1142 3574 1195 3594 nos

137 3601 214 3630 certe
238 3598 446 3630 considerantes
474 3597 561 3634 quarn
583 3597 784 3636 manifestum,
808 3600 895 3637 quam
918 3609 965 3636 per
983 3600 1009 3629 se
1026 3602 1110 3630 etiam
1134 3602 1193 3633 hoc

137 3638 249 3669 facinus
270 3635 512 3668 animadversione
529 3635 672 3673 dignum,
691 3636 877 3668 necessarium
893 3648 951 3667 non
969 3639 1026 3669 hoc
1047 3640 1194 3680 ducimus,

136 3677 182 3707 sed
196 3685 287 3706 totam
305 3676 379 3705 hanc
396 3674 508 3705 causam
531 3672 632 3712 veifftrae
650 3674 802 3710 prudentiae
822 3677 941 3707 libenter
962 3679 1121 3716 referimus,
1139 3690 1194 3711 nec

136 3716 223 3746 aliurn
244 3712 483 3744 Commiffirium
504 3720 606 3755 rerum⁴
619 3710 781 3743 nostrarum
796 3723 896 3750 praeter
917 3717 965 3746 has
981 3717 1088 3747 nostras
1104 3718 1195 3749 Litte-

138 3764 198 3791 ras,
217 3754 246 3782 in
263 3753 322 3783 hoc
339 3753 457 3790 negotio
471 3750 690 3794 constituimu83
709 3751 768 3781 hoc
781 3761 851 3782 vero
866 3755 1006 3791 imprimis
1021 3756 1036 3784 a
1051 3757 1194 3795 vobispo-

140 3791 291 3829 stuIamus,
315 3799 347 3821 ut
368 3790 466 3820 sedulo
487 3796 670 3831 curet1s‚.ne·
687 3798 772 3831 poena
785 3790 936 3822 constituta
951 3795 980 3823 in
996 3792 1195 3826 Guillielmum

138 3829 315 3861 Hudsonum
332 3829 421 3859 ullum
437 3827 542 3858 adferat
556 3826 756 3865 praejudicium
773 3826 848 3858 fideli
861 3830 961 3860 nostro
980 3832 1104 3863 Subdito
1112 3834 1196 3864 Hen-

141 3870 202 3898 rico
218 3867 334 3906 Saxxae,
353 3868 421 3905 quin
435 3867 520 3904 plene
537 3865 567 3896 iit
580 3865 751 3896 satisfaCtum
768 3865 808 3895 illi
825 3867 854 3896 in
867 3870 950 3898 omni
963 3880 1007 3907 re,
1040 3880 1125 3910 quam
1138 3874 1197 3910 jure

141 3914 265 3943 repetere
279 3907 316 3936 ab
331 3916 367 3935 eo
383 3905 525 3935 Hudsono
540 3912 630 3941 queat.
667 3903 840 3934 Hudsonum
855 3907 933 3935 enirn
947 3907 1019 3938 illius
1040 3910 1104 3940 istic
1124 3908 1194 3941 Pro*

142 3953 302 3974 curatorem
326 3944 426 3981 fuiss'e,
446 3945 479 3975 &
502 3943 577 3974 male
596 3943 630 3974 &
646 3942 754 3979 perfide
770 3942 810 3972 illi
834 3944 983 3975 inserviisse
1007 3947 1197 3987 intelligimus.

145 3983 217 4020 Quo
231 3981 327 4012 vestro
342 3982 436 4019 facito,
452 3990 551 4018 praeter
565 3980 850 4012 commendationem
867 3991 952 4019 quarn
965 3985 1108 4023 accipietis
1119 3987 1200 4025 justi-

145 4030 192 4051 tm:
210 4022 244 4052 ὃς
270 4020 424 4057 aequitatis,
443 4029 505 4050 rem
527 4028 641 4059 quoque
664 4020 748 4051 nobis
760 4019 843 4051 valde
866 4029 976 4059 gratam
999 4022 1122 4056 facietis:
1143 4025 1200 4056 Cui

1260 158 1696 208 ANGLIAE.
1914 171 1917 173 ·
2247 186 2272 225 7

1219 250 1326 309 {Inutuo
1338 245 1438 278 nostro
1455 249 1573 297 officiO,
1591 252 1660 282 curn
1676 251 1791 297 occasio
1806 252 1889 292 feret,
1906 253 2026 286 libenter
2038 253 2277 293 respondebimus.

1249 281 1328 313 alete.
1366 284 1411 316 Ex
1427 285 1522 326 Regia
1535 289 1738 330 Hamptoniae,
1755 301 1769 332 3
1785 291 1861 332 Aug.
1872 301 1960 332 1554.

1407 412 1651 456 Reverendiffimo
1674 414 1832 449 Cardinali
1853 420 2076 450 Panormitano.

1218 492 1504 546 REverendiffime
1521 497 1620 542 Pater,
1639 500 1673 531 &
1688 499 1872 532 Illustriffime
1887 501 1920 532 P.
1958 500 2003 532 Ex
2021 496 2137 533 Litteris
2151 500 2272 540 vestris,

1297 542 1364 576 ¹quas
1379 535 1427 565 hic
1443 536 1580 567 Nuncius
1596 538 1681 568 nobis
1694 539 1824 578 tradidit,
1843 539 1949 577 magna
1969 549 2038 570 cum
2061 540 2209 579 voluptate
2227 542 2275 570 in-

1214 569 1471 618 telleximusffluam
1479 575 1663 617 fingulareqsit
1672 576 1772 609 vestrae
1785 577 2002 609 Dominationis
2016 580 2045 608 in
2060 590 2114 610 nos
2136 578 2274 616 studium,

1216 610 1248 639 δε
1260 618 1346 647 quam
1354 611 1487 655 foeliciter
1497 613 1588 644 vestra
1607 616 1637 644 iit
1649 625 1808 653 recuperata
1827 616 1979 647 constituta
2000 626 2035 647 ue
2052 617 2196 648 valetudo.
2215 617 2275 648 Pro

1213 647 1322 686 altero,
1341 657 1372 679 ut
1382 652 1567 695 =perjucundo
1583 653 1668 683 nobis
1686 654 1970 695 Nunci0‚magnam
1980 626 2117 687 claetitiam
2135 657 2275 693 capimus.

1215 685 1398 730 Quod-vero
1417 699 1535 733 operam
1556 690 1679 733 vestram
1697 701 1756 723 tarn
1775 702 1912 731 paratam,
1943 702 2063 732 tamque
2081 703 2213 734 prompta
2231 695 2277 725 of·
2296 714 2299 717 -

1213 722 1294 770 ficia,
1313 735 1342 754 in
1362 726 1550 772 celeberrimo
1568 728 1618 758 illo
1637 729 1830 762 Cardinalium
1849 733 1952 763 Senatu
1973 733 2011 762 sic
2028 732 2062 763 ad
2079 743 2132 763 nos
2150 733 2276 771 defertis,

1216 762 1299 806 valde
1317 773 1395 794 certe
1412 766 1495 808 nobis
1508 775 1640 810 optatum
1656 768 1707 800 est.
1763 770 1848 800 Nihil
1867 772 1945 803 enim
1963 770 2023 801 hoc
2048 771 2145 801 vestro
2163 772 2289 810 privato·

1217 799 1318 867 {infficio
1342 811 1452 842 gratius
1469 826 1479 842 ,
1516 805 1587 835 nihil
1611 806 1661 836 illo
1678 807 1783 839 Sani&
1800 808 1934 849 Collegio
1959 810 2098 847 antiquius
2117 809 2174 840 effe
2191 809 2275 840 duci-

1253 849 1290 869 us.

1258 878 1353 922 Quale
1371 880 1501 924 igit-ursit
1522 881 1653 913 nostrum
1668 885 1700 916 &
1716 885 1745 915 in
1762 885 1885 915 vestram
1902 884 2141 916 Dominationem
2157 885 2279 917 vicissim

1219 915 1344 961 studium
1361 919 1395 949 &
1413 929 1442 948 in
1457 919 1538 963 illum
1558 920 1676 952 Patrsim
1696 924 1889 954 venerandum
1899 922 2025 954 Coetum
2036 925 2278 962 observantia,his

1221 954 1335 998 Litteris
1346 966 1424 1000 nune
1439 958 1557 1003 quidem
1577 966 1663 997 parce
1681 961 1875 999 ostendimus,
1902 962 1935 991 ὃς
1959 962 2110 1001 aliquando
2123 964 2207 993 etiarn
2224 974 2278 992 no-

1220 992 1282 1023 stris
1299 1003 1403 1025 mutuis
1415 996 1520 1027 officiis
1531 1019 1541 1035 ,
1560 1007 1629 1028 curn
1645 999 1747 1031 idonea
1762 1000 1876 1031 dabitur
1897 1001 2218 1039 occaiio,declaraturae
2235 1003 2279 1032 su-

1220 1040 1292 1062 mus.
1329 1032 1426 1072 Deus,
1443 1035 1505 1066 &c.
1541 1035 1748 1078 Hamptoniae,
1760 1048 1776 1077 7
1791 1039 1868 1077 Sept.
1888 1048 1972 1077 1554-

1224 1152 1413 1198 Illustriffi‘mo
1439 1160 1588 1207 Principi,
1614 1161 1654 1192 D.
1680 1162 1783 1194 Carolo
1806 1161 2017 1207 d'Aragonia,
2046 1162 2224 1198 Marchioni
2245 1166 2282 1200 de

1265 1206 1363 1236 Terra
1397 1207 1492 1239 Nova
1508 1235 1519 1250 ‚
1568 1208 1785 1256 Confimguineo
1815 1215 1852 1249 cy·
1888 1214 1998 1243 Amico
2033 1209 2125 1253 nostro
2166 1214 2280 1248 charis-

1255 1251 1347 1293 fimo.

1225 1337 1446 1398 ILlui’triffime
1471 1339 1628 1388 PrincepS‚
1653 1342 1874 1386 Consanguinee
1897 1348 2075 1379 Chariffime.
2096 1347 2209 1378 Litteris
2234 1358 2286 1378 ve·
2312 1353 2321 1360 ²

1249 1414 1253 1418 ἡ
1275 1376 1352 1421 stris,
1371 1379 1457 1421 rniffis
1472 1390 1488 1423 a
1506 1389 1563 1410 tam
1582 1383 1744 1420 longinquo
1763 1383 1848 1422 loco,
1872 1387 1904 1417 ὅ(
1925 1387 2029 1417 refertis
2046 1396 2104 1417 tam
2123 1394 2206 1423 grato
2229 1386 2288 1416 stu-

1225 1414 1294 1460 dio,
1317 1417 1386 1460 ‘¹¹¹1st
1406 1421 1491 1447 nobis
1510 1421 1696 1462 propinquius
1711 1444 1719 1458 ,
1753 1432 1799 1453 aut
1826 1426 1917 1462 magis
1942 1426 2077 1455 intimum
2105 1425 2161 1455 effe
2186 1425 2289 1464 potest.

1226 1451 1307 1483 Cum
1326 1464 1403 1484 enim
1423 1456 1499 1486 arcta
1518 1467 1589 1488 inter
1607 1469 1659 1488 nos
1678 1469 1783 1490 naturae
1803 1463 1916 1493 vincula
1934 1486 1944 1501 ,
1972 1463 2181 1500 conjuntstione
2199 1464 2285 1494 etiam

1227 1489 1345 1534 summae
1365 1493 1590 1533 benevolentiae,
1609 1496 1762 1535 firmius,si
1778 1499 1806 1529 id
1825 1501 1884 1531 fieri
1902 1502 2006 1540 potest,
2016 1502 2189 1532 connectere
2207 1502 2287 1532 labo·

1225 1537 1302 1573 ratis,
1319 1530 1377 1560 hoc
1397 1531 1523 1575 vestrum
1543 1535 1711 1573 praeclarum
1731 1536 1870 1576 studium,
1885 1550 1945 1570 non
1967 1540 2035 1570 laeto
2053 1540 2147 1570 solum
2170 1540 2200 1570 in
2215 1550 2289 1576 prae-

1226 1567 1296 1611 senti
1313 1568 1512 1613 amplecftimur
1529 1573 1644 1610 animo,
1672 1573 1717 1602 sed
1736 1583 1837 1605 mutuo
1855 1579 1941 1607 etiam
1960 1578 2060 1608 nostro
2079 1578 2187 1615 semper
2205 1579 2292 1609 fove-

1227 1606 1324 1637 bimus
1341 1606 1452 1639 officio.
1507 1609 1595 1641 Grata
1621 1611 1706 1642 etiam
1733 1612 1783 1642 fuit
1802 1616 1951 1652 gratulatio
1979 1616 2070 1646 vestra
2089 1616 2124 1645 de
2143 1616 2291 1655 Conjugio

1228 1644 1286 1675 hoc
1304 1645 1423 1690 nostro,
1443 1648 1521 1685 quod
1541 1650 1682 1692 speramus
1703 1659 1809 1689 magno
1828 1653 1895 1684 huic
1911 1662 2000 1691 regno
2019 1653 2076 1684 esse
2095 1654 2288 1692 fortunatum,

1228 1684 1263 1726 βε
1283 1682 1580 1732 Christianoxnomini
1605 1688 1734 1726 salutare,
1753 1691 1786 1720 ὃς
1803 1691 1904 1721 nostris
1925 1692 2034 1722 Amicis
2058 1693 2209 1730 omnibus,
2229 1703 2290 1723 non

1225 1730 1387 1759 Jucunuum
1407 1723 1500 1754 solum
1519 1725 1553 1755 ad
1573 1726 1770 1766 voluptatem,
1796 1729 1841 1758 sed
1861 1730 2059 1760 commodum
2078 1732 2164 1760 etiam
2183 1731 2217 1760 ad
2234 1731 2292 1761 fru-

1230 1760 1310 1803 dlum
1332 1764 1468 1799 perpetuo
1487 1762 1558 1794 fore.
1594 1763 1643 1796 De
1665 1766 1764 1797 nostro
1781 1775 1853 1797 vero
1873 1770 1902 1798 in
1912 1769 2019 1800 Vestra:
2035 1768 2223 1801 Excellentiae
2236 1769 2294 1800 stu-

1227 1797 1297 1837 dio,
1315 1800 1377 1831 &c.
1410 1801 1611 1842 Hamptoniae,
1631 1812 1647 1842 7
1662 1805 1739 1842 Sept.
1763 1814 1850 1845 1554.

1835 1882 1935 1914 Vestra
1955 1882 2173 1925 Consanguinea

2087 1961 2253 1992 Minna.

1232 2080 1402 2125 lllustribus
1423 2084 1459 2120 ὠν
1482 2082 1663 2128 stdagnificis
1687 2085 1842 2127 Dominis,
1862 2084 1966 2130 Populi
1988 2083 2213 2132 Reipublt‘caeqae
2229 2088 2299 2130 Lu-⁴

1331 2131 1414 2174 censis
1438 2129 1710 2174 Gubernatoribus,
1740 2136 1861 2165 Amicis
1886 2131 1988 2174 nostris
2014 2133 2198 2177 chariffimis.

1237 2214 1408 2275 ILlustres,
1428 2214 1636 2254 Magnificique
1646 2215 1790 2255 Domini,
1803 2217 1899 2248 Amici
1916 2217 2003 2247 nostri
2022 2216 2196 2249 Chariffimi.
2237 2219 2302 2250 Lit-

1290 2262 1357 2284 terae
1372 2255 1472 2285 vei'trae
1487 2255 1676 2293 praeclaraque
1695 2254 1834 2293 Munera,
1852 2266 1917 2294 quae
1933 2256 1975 2286 D.
1994 2255 2221 2288 Bartholomaeus
2238 2258 2302 2287 Mi-

1239 2292 1351 2322 chaelus
1369 2295 1401 2325 &
1419 2294 1516 2331 Scipio
1532 2293 1655 2331 Sardini,
1677 2293 1773 2324 vestro
1790 2297 1908 2325 nomine
1927 2295 2112 2334 obtulerunt,
2141 2297 2223 2327 nobis
2239 2307 2303 2334 per-

1237 2339 1314 2368 grata
1327 2331 1450 2362 fuerunt.
1490 2332 1567 2362 Haec
1582 2335 1656 2362 vero
1680 2331 1840 2363 studiorum
1861 2332 2020 2364 vestrorum
2041 2343 2101 2363 non
2118 2335 2253 2372 propensa
2270 2335 2305 2366 fi-

1239 2369 1405 2407 gnificatio,
1421 2371 1466 2401 sed
1485 2370 1609 2407 expreffa
1625 2370 1795 2410 declaratio,
1815 2382 1875 2402 non
1893 2372 1977 2401 nobis
1992 2371 2103 2410 solum,
2121 2373 2166 2404 sed
2190 2372 2301 2403 Domi-

1239 2417 1284 2451 no'
1296 2407 1477 2447 Conjugique
1491 2409 1591 2438 nostro
1615 2408 1777 2440 charissimo
1788 2409 1914 2449 jucunda
1927 2419 2077 2448 optataque
2092 2413 2196 2442 eXtirit.
2235 2411 2296 2442 Pro

1238 2448 1339 2486 quibus
1356 2447 1452 2477 vestris
1467 2447 1598 2485 Litteris,
1618 2447 1808 2487 Muneribus,
1826 2451 1859 2480 &
1883 2448 2015 2486 Officiis,
2041 2451 2140 2485 gratias
2165 2460 2240 2480 nunc
2265 2450 2301 2480 li-

1241 2486 1340 2515 benter
1354 2488 1479 2525 agimus,
1494 2486 1602 2517 easdem
1620 2487 1724 2516 mutuis
1738 2489 1822 2518 etiarn
1839 2486 1940 2517 nostris
1955 2487 2060 2517 officiis
2074 2489 2215 2527 rolatum,
2229 2488 2302 2519 cum

1240 2526 1438 2560 opportunitas
1456 2525 1539 2556 nobis
1555 2524 1589 2555 ad
1605 2525 1633 2554 id
1648 2525 1748 2555 idonea
1765 2526 1827 2556 data
1842 2525 1933 2555 fuerit.
1950 2526 2090 2564 Reliqua,
2109 2537 2172 2565 quae
2185 2527 2220 2557 ad
2234 2536 2304 2565 nos,

1240 2562 1301 2593 &c.
1341 2563 1447 2595 Valere.
1485 2563 1685 2602 Hamptoniae,
1698 2573 1737 2593 20
1752 2564 1830 2602 Sept.
1850 2572 1935 2602 1554.

1526 2690 1554 2720 R
1557 2686 1623 2720 adol
1627 2685 1681 2721 olio
1706 2686 1864 2721 Cardinali
1888 2688 2031 2732 Carpcvfi.

1245 2771 1530 2827 REverendisfime
1546 2772 1645 2811 Pater,
1662 2774 1725 2804 &c.
1763 2773 1879 2811 Qianta
1894 2771 1926 2802 sit
1946 2771 2109 2804 Reverendi
2134 2773 2223 2805 Patris
2243 2773 2303 2805 Za-

1322 2812 1427 2841 chariae
1442 2811 1582 2851 Delphini
1599 2811 1735 2850 Episcopi
1753 2811 1896 2841 Pharensis
1916 2811 1990 2848 apud
2005 2811 2221 2843 Sereniffimum
2241 2812 2302 2844 Re-

1242 2859 1308 2889 gem
1318 2849 1525 2881 Romanorum
1535 2849 1810 2888 NunciiApostolici
1819 2851 1891 2880 cum
1900 2850 1966 2880 vitae
1974 2851 2190 2888 integritaS,tum
2199 2852 2306 2882 (1οᾶτὶ-

1242 2898 1288 2918 nae
1301 2890 1376 2926 laus,
1401 2898 1436 2919 ex
1463 2889 1576 2920 Litteris
1606 2889 1783 2919 illustrissimi
1805 2888 1896 2928 Regis
1919 2888 2164 2927 Sei‘eniffimaeque
2188 2889 2306 2927 Reginae

1242 2926 1369 2957 Boemiae
1385 2928 1595 2966 cognoscimus
1633 2927 1726 2965 Hujus
1742 2928 1793 2957 viri
1808 2935 1867 2957 tam
1877 2927 2018 2963 praeclara:
2026 2929 2153 2965 virtutes,
2163 2936 2307 2958 tantorum

1241 2966 1411 3006 Principum
1425 2965 1593 2996 testimonio
1609 2975 1692 3006 atque
1704 2966 1815 3004 judicio
1832 2965 1915 2994 nobis
1923 2966 2213 3003 commendatae,nos
2223 2975 2308 2996 com-

1240 3014 1378 3041 movent,
1397 3013 1427 3034 ut
1442 3006 1458 3034 a
1473 3003 1571 3035 Vestra
1587 3002 1832 3036 Reverendisfima
1845 3003 2061 3033 Dominatione
2072 3012 2215 3042 petamuS,
2231 3005 2305 3034 etim

1243 3044 1375 3080 proxima
1391 3041 1520 3072 Comitia
1531 3042 1564 3073 ad
1576 3052 1667 3072 novos
1682 3042 1846 3073 Cardinales
1853 3042 2030 3078 cooptandos
2040 3041 2163 3072 instituta
2180 3042 2301 3081 fuerint,

1239 3089 1271 3110 ut
1293 3081 1314 3110 is
1328 3080 1420 3110 vestra
1437 3081 1616 3111 Authoritate
1632 3082 1664 3112 &
1679 3081 1765 3118 gratia
1779 3080 1885 3116 adjutus
1899 3080 1926 3108 in
1946 3089 2016 3109 *eum
2033 3079 2158 3111 Coetum
2180 3080 2302 3111 affuma-

1241 3127 1295 3148 tur.
1330 3118 1426 3156 Itaque
1449 3129 1510 3149 rem
1531 3127 1639 3157 gratam
1666 3120 1749 3148 nobis
1770 3117 1894 3155 facietis,
1908 3117 1926 3147 ii
1950 3118 1997 3147 liic
2021 3118 2136 3154 sentiat,
2155 3120 2187 3149 ὃς
2205 3120 2302 3157 reliqui

1241 3159 1327 3187 etiam
1343 3158 1464 3187 universi
1480 3158 1654 3194 intelligant,
1673 3157 1780 3186 nostras
1797 3157 1915 3187 Litteras
1929 3156 2004 3192 apud
2022 3156 2295 3195 Augustiffimumil—

1240 3195 1288 3225 lud
1313 3194 1480 3231 Collegium
1506 3195 1628 3225 multum
1658 3195 1780 3226 viiiiiffe.
1818 3195 1916 3231 Deus,
1935 3197 1994 3225 &c
2035 3195 2242 3234 Hanni-ioniae,
2262 3196 2301 3227 26

1241 3234 1320 3273 Sept.
1342 3242 1425 3272 1554.

1423 3359 1580 3392 cardinali
1603 3359 1705 3391 SanHi
1729 3356 1845 3407 Jacobi
1868 3363 1898 3391 in
1925 3357 2121 3404 Compostella.

1245 3444 1530 3501 REverendiffirne
1548 3444 1647 3483 Pater,
1663 3445 1724 3475 &a
1761 3443 1961 3474 Illustriffimus
1978 3443 2302 3485 Rexssermstffimame

1323 3484 1436 3522 Regina
1452 3484 1692 3521 Socrui-„enimet
1707 3484 1790 3513 nobis
1802 3482 1965 3511 Dominurii
1993 3482 2161 3514 Zachariam
2178 3483 2300 3522 Delphi-

1240 3533 1311 3554 num
1328 3522 1503 3560 Episcopum
1522 3522 1713 3558 Pliareiiiem,
1734 3521 1766 3551 N
1772 3522 1886 3551 unciutn
1908 3519 2110 3558 Apostolieum
2131 3523 2203 3560 apud
2218 3525 2298 3554 Sere-

1240 3562 1387 3593 nii'fimum
1420 3561 1625 3591 Romanorum
1654 3560 1769 3596 Regem
1835 3559 2016 3596 summopere
2046 3562 2297 3591 commendarunt.

1241 3603 1394 3639 Quantum
1408 3601 1499 3637 itaque
1516 3609 1562 3637 par
1575 3599 1616 3628 eil
1629 3623 1638 3636 ,
1656 3608 1684 3628 ut
1698 3608 1769 3635 nos,
1787 3582 1870 3634 liujus
1889 3599 1940 3628 viri
1958 3598 2110 3636 probitati,
2130 3598 2298 3637 Doctrinae,

1240 3640 1403 3678 Religioni:
1423 3639 1574 3674 Quantum
1589 3638 1674 3667 etium
1691 3646 1834 3666 tantorum
1849 3637 1884 3666 de
1897 3647 1935 3667 eo
1951 3637 2119 3674 Principum
2132 3638 2236 3675 judicio
2245 3638 2293 3667 tri-

1242 3681 1488 3716 bua1⁴nu5,t.in[um
1501 3677 1517 3705 a
1537 3675 1630 3704 Vestra
1649 3672 1890 3715 Reverendiiliina
1908 3674 2117 3706 Dominatione
2131 3678 2249 3712 petimus
2266 3685 2297 3707 ut

1241 3719 1270 3747 in
1292 3715 1421 3754 proxima
1441 3714 1634 3744 Cardinalium
1655 3713 1803 3743 Eleetione
1827 3713 1895 3743 huic
1912 3713 2086 3745 Reverendo
2109 3712 2202 3752 Patri,
2222 3715 2297 3745 utin

1242 3755 1369 3788 vestrum
1385 3761 1535 3791 cooptetur
1551 3761 1699 3782 numerum
1712 3776 1720 3788 ,
1733 3751 1907 3781 concedatis.

1278 3795 1385 3832 Optata
1401 3801 1442 3821 res
1456 3791 1539 3821 nobis
1551 3791 1601 3819 erit
1611 3813 1620 3828 ,
1640 3791 1659 3820 ii
1675 3790 1862 3828 intelligimus
1876 3790 1951 3820 hanc
1967 3790 2092 3820 nostram
2106 3791 2297 3821 commenda-

1239 3835 1352 3864 tionem
1369 3829 1443 3867 apud
1456 3828 1686 3859 Celeberrimutn
1697 3828 1762 3857 illud
1779 3828 1896 3858 Patrum
1906 3827 2072 3859 Colleoiiim
2084 3828 2205 3859 multum
2220 3839 2296 3866 pon-

1240 3872 1312 3901 deris
1328 3868 1460 3898 habuisse.
1497 3865 1556 3896 Cui
1574 3866 1632 3897 sive
1648 3868 1799 3896 communi
1827 3867 1959 3897 omnium
1986 3854 2185 3897 &ardinalium
2205 3867 2297 3897 studio

1241 3910 1271 3938 in
1287 3907 1415 3937 ornando
1428 3913 1507 3935 tanto
1520 3905 1598 3942 viro,
1617 3904 1673 3935 iivc
1688 3905 1782 3935 vestro
1797 3907 1908 3944 privato
1922 3904 2034 3934 Officio
2058 3906 2087 3934 in
2099 3905 2222 3941 juvanda
2245 3905 2298 3935 hac

1242 3945 1332 3981 cauta,
1341 3945 1443 3974 nostro
1455 3941 1575 3974 vicissim
1595 3952 1696 3974 mutuo
1711 3943 1804 3974 studio
1815 3953 1897 3981 atque
1913 3943 2110 3973 benevolentia
2123 3943 2243 3974 libenter
2256 3953 2299 3973 re·

1242 3984 1453 4023 spondebimus.
1490 3981 1570 4011 Deus
1577 3982 1660 4019 ,&c.
1696 3981 1896 4022 Hamptomae,
1907 3982 1945 4012 26
1960 3981 2036 4019 Sept.
2055 3990 2141 4020 1554.

2238 4056 2306 4088 Epi-
