2561 4263
47 146 128 175 212
478 124 1135 171 CONVENTION

1164 126 1276 179 Es,
1333 124 1729 179 Ll‘rERAE,

0 210 39 243 D·
91 217 239 258 Johannes
258 219 389 254 Pointer‚
407 214 557 252 Clericus,
579 213 662 243 habet
685 210 845 242 consimiles
861 210 971 242 Literas
992 208 1126 241 Parentes
1164 211 1233 242 cesis
1247 214 1362 251 Sarum,
1376 212 1440 252 jam
1451 213 1591 254 legittime
1603 216 1637 247 &
1653 215 1766 254 dejure
1787 222 1939 246 vacantem
1954 236 1965 252 ,
1989 211 2023 244 δι
2046 210 2082 244 ad
2104 210 2231 243 nostram
2249 202 2386 237 Arm-D:

0 253 24 281 5·
55 256 91 287 de
106 257 310 295 presentatione
328 255 363 285 ad
381 253 548 284 Restoriam
564 252 659 281 Sandis·
673 250 831 286 Benediffl,
849 249 878 278 in
895 249 968 279 Villa
984 248 1020 279 de
1036 251 1118 278 Hun-

0 301 21 326 Ρ·
58 295 192 335 tingdon,
210 295 339 325 Diocesis
354 290 518 326 Lincolnie,
542 299 592 326 per
616 297 742 318 mortem
767 288 860 318 ultimi
881 286 1080 318 Incumbentis
1098 286 1119 306 *-

7 351 13 357 ·
58 334 169 365 ibidem
187 335 243 372 jam
262 339 428 366 vacantem,
447 329 479 359 &
494 327 529 358 ad
544 326 670 357 nostram
696 326 933 363 presentationem
957 325 1043 363 pleno
1060 325 1124 362 jure

0 382 11 394 ¹·
58 373 252 409 spectantem,
271 370 306 400 Et
322 369 480 406 diriguntur
501 367 537 395 he
561 365 659 395 Litere
681 363 932 395 Reverendissimo
946 364 975 393 in
1003 362 1125 393 Christo

0 407 23 434 ἷ-
59 412 136 442 Patri
156 420 188 441 ac
214 409 349 440 Domino
365 429 374 444 ,
410 405 544 435 Domino
562 403 711 440 Gulielmo,
737 401 915 439 providentia
933 400 1031 431 divini
1049 404 1126 430 Can-

61 448 190 487 tuarienft
210 447 448 483 Archiepilcopo,
469 443 576 472 ratione
594 440 785 479 Suspensionis
806 439 938 482 Episcopi
957 438 1107 469 Lincolnie.

65 526 84 556 b
99 488 191 534 Teste
218 487 298 523 Rege
324 483 397 520 apud
415 479 674 522 westmonasterium
689 501 699 516 ,
731 478 908 509 duodecimo
934 478 980 508 die
1001 479 1127 507 Novem-

85 537 133 557 ris.

99 601 215 633 Thomas
229 596 358 629 Holland
364 620 373 633 ,
387 595 534 632 Clericus,
554 593 639 624 habet
655 592 815 623 consimiles
827 592 934 623 Literas
945 591 1078 623 Patentes
1092 591 1128 623 de

6 634 13 641 ⁶
65 641 270 679 presentatione
289 636 324 667 ad
347 636 489 667 Vicariam
505 633 542 663 de
556 630 710 671 Kirdford,
727 631 856 662 Diocesis
867 631 1027 675 C‘strfflfiss
1048 631 1130 667 legit-

70 688 140 710 time
161 678 194 707 &
215 676 252 706 de
270 675 333 713 jure
353 681 503 704 vacantem
518 695 528 708 ,
560 673 594 702 ὃ(
615 670 650 700 ad
672 669 796 700 nostram
824 670 1060 709 presentationem
1081 679 1131 708 per

69 717 174 754 lapsum
201 715 356 750 temporis,
381 712 438 741 sive
460 720 509 750 per
526 710 693 749 pravitatem
712 708 840 738 Simonie
862 730 871 745 ,

67 756 224 791 (tamem,
263 751 299 781 Et
329 751 487 788 diriguntur
511 748 548 778 he
578 748 675 778 Litere
701 746 952 777 Reverendiffimo
982 747 1010 776 iri
1041 745 1131 776 Chri-

64 793 108 823 sto
133 792 208 822 Patri
226 800 260 821 ac
278 789 413 820 Domino
438 791 543 818 Briano
560 810 570 824 ,
609 784 790 825 permissione
807 785 905 816 divinit
924 785 1076 824 Ciceslrenfi
1091 784 1133 814 E-

63 831 191 900 piscfng:
200 867 281 906 Rege
295 864 368 905 apud
382 863 639 904 westmonasterium
649 885 660 902 ,
674 862 856 894 duodecimo
872 862 918 893 die
930 860 1095 892 Decembris.

910 708 962 739 hac
984 710 1048 739 vice
1071 709 1132 745 spe-

80 944 215 975 Ricardus
227 947 268 974 Ta
273 943 340 982 ylor,
347 939 579 979 Clericus‚A.M.
587 940 671 971 habet
678 940 838 971 consimiles
847 939 952 970 Literas
960 937 1090 969 Parentes
1097 936 1133 968 de

74 984 280 1021 presentatione
293 983 327 1012 ad
338 981 479 1012 Vicariam
487 979 522 1010 de
533 978 635 1018 Rainse
637 990 663 1017 y,
670 977 801 1009 Diocesis
807 979 936 1014 London,
944 987 990 1015 per
1007 985 1134 1007 mortem

63 1022 158 1054 ultimi
171 1021 369 1052 Incumbentis
385 1019 493 1050 ibidem
508 1018 564 1054 iam
581 1027 753 1055 vacantem,
772 1017 806 1047 &
823 1017 857 1047 ad
874 1016 1002 1047 nostram
1017 1015 1134 1053 presen-

63 1061 204 1092 tationem
227 1061 313 1098 pleno
327 1060 388 1097 jure
401 1058 594 1095 spestantem3
614 1055 651 1086 Et
675 1056 837 1092 diriguntur
859 1056 896 1085 he
919 1054 1014 1085 Litere
1035 1053 1135 1084 Reve-

65 1099 156 1130 rendo
177 1101 206 1130 iri
219 1098 341 1128 Christo
360 1097 438 1128 Patri
459 1106 493 1127 ac
509 1095 647 1126 Domino
661 1094 814 1132 Gulielmo,
839 1092 1020 1133 providentis.
1037 1092 1136 1124 divinzi

64 1138 183 1169 London
202 1138 355 1174 Episcopo.

67 1176 195 1246 brTeste
215 1176 302 1214 Rege
324 1173 399 1214 apud
427 1171 686 1213 Westmonasteri'um
702 1193 713 1210 ,
749 1170 927 1202 duodecimo
953 1169 1000 1201 die
1022 1172 1137 1200 Decem-

100 1226 132 1246 is.

108 1290 224 1324 Thomas
238 1288 362 1329 Treftott
372 1314 382 1327 ‚
400 1288 550 1326 Clericus,
568 1286 605 1319 A.
620 1286 668 1318 M.
684 1286 771 1317 habet
786 1284 945 1316 consimiles
961 1283 1068 1316 Literas
1082 1283 1136 1316 Pa-

65 1339 156 1364 tentes
169 1330 204 1361 de
222 1329 429 1368 presentatione
445 1328 479 1359 ad
495 1326 668 1358 Re&0riam
681 1326 718 1356 de
741 1324 910 1363 Inwardley,
925 1323 988 1353 alias
1007 1323 1136 1353 Inward-

65 1369 169 1408 leighe,
187 1369 317 1399 Diocesis
336 1370 464 1405 Exonie,
479 1367 542 1405 jam
558 1365 702 1404 legittime
719 1365 752 1395 &
774 1364 810 1394 de
826 1364 882 1400 jure
906 1371 1077 1399 vacantem,
1101 1363 1135 1393 &

64 1410 100 1440 ad
117 1407 245 1440 nostram
272 1407 512 1446 presentationem
526 1414 575 1444 per
600 1404 706 1441 lapsum
723 1403 860 1439 temporis
879 1401 936 1432 five
949 1411 1000 1439 per
1014 1401 1138 1439 pravita-

68 1456 128 1479 tem
144 1446 275 1477 Simonie
292 1447 344 1476 hac
362 1446 426 1475 vice
441 1444 636 1482 specstantem3
658 1441 695 1472 Et
716 1440 880 1475 diriguntur
900 1441 938 1470 he
964 1440 1062 1470 Litere
1078 1439 1138 1469 Re·-

67 1485 194 1517 verendo
211 1486 241 1515 in
255 1484 374 1515 Christo
395 1484 515 1514 Patriae
530 1481 667 1512 Domino
686 1479 824 1519 Josepho,
842 1477 1025 1517 permiffione
1040 1477 1138 1509 divina

65 1527 175 1556 Exonie
189 1523 345 1561 Episcopo.

103 1562 193 1632 'ILeste
211 1562 295 1601 Rege
313 1560 387 1600 apud
407 1558 669 1599 westmonasterium
686 1580 697 1596 ,
734 1556 852 1588 decimo
879 1564 983 1595 quarto
1013 1555 1060 1587 die
1078 1558 1139 1585 De-

67 1613 121 1633 cem
140 1612 187 1632 ris.
373 1627 378 1631 ι

107 1681 243 1709 Henricus
267 1675 422 1713 Twichett,
448 1674 596 1712 Clericus,
622 1673 658 1704 A.
675 1673 723 1704 M.
747 1673 830 1703 habet
854 1670 1013 1702 consimiles
1031 1670 1139 1701 Literas

0 1707 18 1726 '¹
69 1717 198 1750 Parentes
213 1718 247 1747 de
263 1716 469 1754 presentatione
483 1715 517 1744 ad
527 1714 671 1743 Vicariam
687 1712 723 1743 de
738 1709 888 1750 stratford
895 1709 981 1749 staper
991 1713 1138 1748 Avonam,

0 3184 39 3204 >1-

0 3585 62 3605 100.

66 1757 131 1787 alias
146 1755 203 1786 Old
215 1754 377 1792 Stratford,
397 1753 526 1783 Diocesis
542 1754 755 1789 Wgornie,per
769 1759 896 1780 mortem
907 1749 999 1779 ultimi
1013 1748 1134 1779 incum-

66 1796 158 1826 bentis
173 1794 280 1824 ibidem
301 1794 361 1830 jain
381 1800 550 1827 vacantem,
568 1792 601 1822 ὃ(
620 1790 654 1821 ad
672 1789 798 1820 nostram
817 1788 1057 1825 presentationem
1100 1787 1141 1817 le-

64 1844 107 1866 no
121 1834 180 1872 jure
196 1832 389 1871 speciantem3
411 1829 448 1860 Et
463 1829 625 1867 diriguntur
645 1829 682 1859 he
701 1828 796 1858 Litere
809 1825 988 1858 Reverendo
1005 1828 1034 1856 in
1049 1825 1077 1856 C
1100 1827 1136 1855 ri-

66 1872 112 1904 sto
128 1871 252 1903 Patriae
271 1868 408 1900 Domino
424 1867 572 1907 Johanni,
590 1866 772 1905 permissione
790 1864 891 1902 ,divina
916 1867 1049 1903 Wigornie
1070 1863 1142 1903 Epi-

63 1912 200 2021 :co'ffite
220 1947 306 1987 Rege
321 1945 395 1987 apud
413 1943 672 1985 westmonasterium
689 1966 700 1982 ,
717 1943 803 1976 tertio
822 1942 940 1975 decimo
957 1941 1006 1974 die
1024 1944 1136 1972 Decem-

81 1999 131 2022 ris.

105 2064 224 2098 Thomas
239 2061 362 2104 Inftild,
382 2062 512 2095 Clericus
546 2062 585 2093 A.
598 2061 645 2093 M.
665 2060 752 2093 habet
769 2059 930 2092 consimiles
953 2057 1063 2091 Literas
1084 2059 1141 2090 Pa—

69 2114 158 2140 tentes
172 2104 209 2135 de
245 2103 430 2134 resentatione
448 2102 482 2133 ad
498 2084 644 2132 Vicariam
666 2101 762 2131 Sam‘li
778 2103 857 2144 ξείνι’
878 2101 907 2130 in
927 2099 1142 2144 Irtlingboroeiie

66 2146 132 2178 alias
145 2146 219 2174 Arti
232 2140 368 2184 borough‚
385 2140 519 2172 Diocesis
535 2139 754 2180 Petriburgenfis
764 2162 773 2177 ,
786 2149 848 2177 Jam
863 2138 1041 2178 legittime&
1055 2138 1091 2168 de
1094 2147 1142 2176 Ju-

69 2195 101 2216 re
113 2191 281 2221 vacantem,
302 2182 336 2214 &
349 2180 386 2211 ad
403 2179 529 2212 nostram
555 2179 789 2222 presentationem
814 2188 863 2217 per
895 2178 1001 2217 lapsum
1029 2186 1143 2214 tempo-

68 2222 105 2256 ¹³⁵
118 2232 172 2265 ¹³¹⁰·
186 2222 240 2251 ¹³²⁶
255 2221 320 2288 viii
334 2217 811 2288 spssfiis‘aeg'i'sssiigigssssissinioe
828 2216 1141 2286 Lssssziiffiit‘iiffffis

69 2258 519 2345 ἓῗνῧνῖνὶερηὲηᾼῗεὴίερὶῖεορο
534 2317 545 2335 ,
570 2296 678 2325 ratione
700 2265 863 2326 vacatio’ni?
878 2294 948 2325 sedis
969 2293 1144 2332 Episcopalis

72 2334 306 2413 Pe'tlr'teliigglggge
319 2372 394 2412 apud
410 2371 689 2412 Westmonallerium,
706 2371 785 2404 seXto
799 2370 846 2402 die
865 2369 1030 2401 Decembris.

111 2452 274 2484 Edwardus
297 2453 422 2489 Turner‚
446 2448 593 2488 Clericus,
621 2450 659 2480 A.
686 2447 733 2479 M.
757 2448 844 2479 habet
859 2447 1023 2479 consimiles
1037 2446 1144 2477 Literas

73 2492 208 2525 Patentes
220 2492 257 2523 de
273 2489 478 2528 presentatione
494 2489 530 2520 ad
546 2487 717 2519 Reetoriam
732 2489 827 2517 SanHi
842 2490 1011 2524 Laurentii,
1031 2485 1142 2516 Dioce-

72 2532 106 2563 sis
124 2531 315 2568 London‚per
325 2537 450 2559 mortem
464 2528 558 2558 ultimi
571 2526 771 2557 Incumbentis
786 2527 890 2557 ibidem
900 2529 960 2564 jam
977 2533 1140 2562 vacantem,

70 2571 106 2602 &
121 2570 157 2601 ad
174 2569 303 2601 nostram
315 2567 549 2605 presentationem
567 2567 654 2603 pleno
664 2566 728 2603 jure
743 2564 940 2602 spectantem,
959 2563 997 2594 Et
1013 2563 1143 2601 dirigun-

71 2618 117 2641 tur
133 2609 170 2639 he
188 2609 284 2638 Litere
300 2605 474 2636 Reverendo
489 2605 518 2635 in
539 2603 659 2635 Christo
680 2602 757 2635 Patri
779 2613 812 2634 ac
835 2602 971 2634 Domino
992 2601 1144 2640 Gulielmo,

69 2647 253 2687 permissione
269 2644 365 2676 divini
380 2644 495 2674 London
511 2642 665 2683 Episcopo.

70 2685 198 2756 &Teste
216 2685 300 2723 Rege
313 2682 388 2721 apud
407 2680 683 2721 Wessmonasterium,
699 2679 816 2712 decimo
836 2689 937 2718 quarto
957 2679 1004 2711 die
1023 2681 1137 2709 Decem-

105 2735 138 2756 ts.

115 2809 277 2841 Edwardus
296 2807 441 2848 Onflowe,
459 2807 610 2844 Clericus,
628 2806 666 2838 A.
683 2805 731 2836 M.
748 2806 834 2837 habet
855 2805 1017 2836 consimiles
1039 2804 1145 2835 Literas

78 2848 213 2881 Parentes
226 2848 262 2879 de
275 2848 480 2887 presentatione
495 2845 531 2876 ad
549 2845 719 2876 Re&oriam
737 2845 774 2876 de
792 2845 877 2882 Uley,
895 2844 1027 2875 Diocesis
1049 2843 1145 2873 Gloce-

68 2887 202 2930 strenfis,
228 2897 279 2925 per
304 2885 542 2922 Resignationem
566 2884 661 2914 ultimi
678 2883 878 2914 Incumbentis
896 2884 1005 2913 ibidem
1019 2884 1079 2922 jam
1095 2892 1145 2912 va-

75 2936 210 2965 cantem,
227 2928 262 2958 ὃς
276 2924 311 2955 ad
324 2924 451 2955 nostram
467 2924 707 2961 presentationem
722 2923 808 2959 pleno
820 2923 882 2960 jure
896 2922 1088 2961 speetaritem3
1108 2920 1145 2951 Et

75 2967 237 3005 diriguntur
252 2964 291 2994 he
305 2963 401 2993 Litere
418 2961 597 2993 Reverendo
619 2963 650 2991 in
665 2960 786 2991 Christo
809 2961 886 2992 Patri
908 2959 1060 3000 Godfrido,
1081 2969 1146 2998 per-

77 3006 213 3037 mistione
226 3002 325 3033 divina
339 3000 510 3040 Glocestrenfi
527 2999 683 3038 Episcopo.

76 3082 94 3114 b
113 3042 204 3075 Teste
221 3042 304 3080 Rege
321 3040 395 3079 apud
414 3038 673 3079 Westmonasterium
687 3061 698 3078 ,
737 3037 854 3070 decimo
873 3047 954 3068 nono
967 3036 1014 3068 die
1033 3040 1146 3067 Decem-

96 3093 141 3114 m.

122 3167 275 3201 Nicholaus
289 3168 382 3203 Gent,
403 3163 551 3203 Clericus,
571 3164 608 3195 A.
624 3163 671 3195 M.
687 3164 770 3195 haber
787 3165 949 3196 consimiles
964 3165 1073 3194 Literas
1093 3163 1148 3194 Pa-

82 3218 174 3241 tentes
191 3208 228 3238 de
241 3205 448 3244 presentatione
464 3203 500 3234 ad
522 3204 667 3234 Vicariam
692 3205 727 3234 de
749 3205 838 3244 Kirby
852 3204 935 3243 super
961 3213 1062 3232 moram
1084 3203 1148 3233 alias

84 3247 174 3284 Kirby
183 3245 263 3285 fioper
280 3251 414 3279 montem,
434 3241 564 3273 Diocesis
576 3241 739 3282 cestrenfis,
756 3252 805 3280 per
825 3243 1059 3281 Reiignationem
1084 3241 1149 3271 ulti-

88 3286 132 3316 mi
146 3283 340 3315 lncumbentis
355 3281 461 3311 ibidem
472 3281 532 3318 jam
545 3289 710 3318 vacantem,
729 3282 761 3310 ὃς
776 3281 810 3310 ad
827 3281 952 3311 nostram
969 3280 1148 3317 presentatio<

88 3332 160 3355 nem
173 3322 258 3362 pleno
271 3324 330 3359 jure
344 3320 539 3357 spectanoem,
554 3318 591 3348 Et
608 3318 766 3358 diriguntur
782 3319 819 3347 he
832 3320 927 3349 Litere
943 3318 1073 3348 Patentes
1087 3317 1150 3347 Re-

91 3361 219 3393 verendo
235 3361 263 3389 in
278 3359 395 3389 Christo
410 3358 486 3388 Patri
502 3367 535 3388 ac
551 3357 686 3388 Domino
699 3356 846 3395 Johanm'‚
870 3356 1052 3396 permistione
1074 3355 1153 3386 divi-

95 3400 135 3431 nfi
152 3397 280 3437 Cestrenfi
294 3397 446 3435 Episcopo.

96 3437 223 3507 lmTeste
240 3436 324 3474 Rege
339 3437 412 3474 apud
434 3431 694 3472 Wellmonasterium
710 3454 721 3470 ,
750 3432 867 3465 decimo
882 3443 965 3464 nono
982 3432 1027 3464 die
1043 3435 1156 3463 Decem—

140 3487 162 3506 s.

136 3554 287 3586 Theodorus
302 3553 402 3595 Beale,
424 3552 570 3590 Clericus,
590 3551 626 3582 A.
644 3551 691 3581 M.
705 3550 791 3582 habet
806 3551 1088 3587 consimilesLiteras
1101 3550 1156 3581 Pa-

99 3604 191 3626 tentes
212 3594 249 3623 de
272 3593 476 3629 presentatione
499 3593 532 3622 ad
556 3590 701 3621 Vicariam
718 3590 754 3620 de
770 3589 939 3628 Pattifhall,
958 3598 992 3620 ex
1011 3599 1065 3620 una
1079 3598 1157 3626 parte

103 3633 233 3664 Diocesis
249 3630 479 3668 Petriburgeufis,
503 3640 550 3666 per
567 3638 691 3659 mortem
715 3629 809 3658 ultimi
834 3628 1030 3658 Incumbentis
1050 3628 1157 3658 ibidem

102 3674 160 3709 iam
174 3678 340 3705 vacantem,
358 3669 390 3697 ἃ
407 3670 440 3696 ad
455 3668 580 3698 nostram
596 3667 835 3706 presentationem
851 3666 936 3704 pleno
952 3666 1015 3703 jure
1032 3665 1158 3703 specian-

8 3717 77 3747 XX,
105 3720 184 3746 tem,
198 3709 233 3738 Et
254 3713 268 3723 ‘
289 3707 449 3736 diritruntur
463 3706 498 3735 he
514 3706 610 3736 Litere
623 3703 872 3736 Reverendisfimo
887 3706 917 3734 in
941 3704 1062 3734 Christo
1082 3704 1159 3735 Patri

5 3765 30 3784 2.

104 3758 137 3779 ac
156 3748 307 3783 Domino,
332 3729 465 3773 &omino
480 3743 625 3780 Gulielmo,
652 3743 829 3780 providentia
849 3743 947 3773 divina
968 3743 1161 3782 Cantuarienst

102 3785 342 3823 Archiepiscopo,
359 3784 423 3813 &c.
460 3783 568 3811 ratione
582 3783 737 3812 vacationis
749 3782 818 3812 sedis
831 3781 1001 3819 Episcopalis
1016 3781 1158 3810 Petribur-

123 3837 155 3854 871
168 3835 198 3852 15.

102 3837 122 3864 g
138 3824 226 3931 ‘ibs'este
245 3860 328 3898 Rege
350 3856 424 3896 apud
450 3856 707 3896 Wstmonasterium
726 3880 736 3896 ,
772 3858 890 3889 decimo
916 3858 1018 3897 quinto
1035 3857 1081 3889 die
1099 3860 1157 3888 De-

98 3913 152 3932 tem
172 3911 218 3930 ris.

136 3987 283 4027 Johannes
308 3982 411 4024 Phipp,
437 3981 584 4016 Clericus,
615 3980 652 4010 A.
674 3980 719 4011 M.
747 3982 831 4013 habet
860 3983 1021 4015 consimiles
1048 3982 1157 4014 Literas

5 4019 56 4050 959³
98 4028 229 4060 patentes
242 4024 279 4055 de
294 4021 498 4061 presentatione
520 4020 556 4050 ad
573 4019 737 4052 Recioriam
753 4022 789 4052 de
809 4022 916 4061 Teffent
942 4025 1032 4053 Evias
1043 4043 1053 4059 ‚
1077 4022 1156 4053 Dio-

1161 250 1401 294 presentationem
1427 261 1478 290 per
1498 254 1607 291 lapsum
1623 255 1764 292 temporis
1778 253 1833 284 five
1847 264 1897 294 per
1914 253 2084 292 pravitatem
2099 251 2230 282 simonie
2270 243 2358 284 1⁶38·

1160 289 1215 318 hac
1229 290 1497 333 vice-spediantem3
1515 291 1554 322 Et
1568 291 1730 329 diriguntur
1744 293 1781 322 he
1795 292 1893 323 Litere
1908 290 2083 323 Reverendo
2097 291 2127 320 iri
2143 288 2231 320 Chri·
2249 288 2303 312 An.
2322 292 2366 318 ¹4-

1162 325 1207 356 sto
1230 326 1306 357 Patri
1329 337 1363 358 ac
1384 328 1522 360 Domino
1546 329 1673 368 Johanm'
1692 354 1703 370 ,
1737 330 1920 368 permissione
1948 329 2047 362 divin&
2067 333 2166 360 Sarum
2190 327 2234 359 E·
2250 326 2314 351 Cur·
2329 330 2355 349 ²·

1163 364 1291 433 Ριξῗεῖὶῖ·
1302 402 1388 440 Rege
1403 405 1478 442 apud
1494 405 1755 445 westmonasterium
1763 426 1774 441 ,
1790 405 1895 438 ultimo
1904 405 1949 437 die
1963 405 2128 438 Decembris.

1199 477 1362 519 Francifius
1374 481 1488 519 Baton,
1505 481 1656 520 Clericus,
1673 481 1703 512 S.
1716 480 1758 511 T.
1774 481 1807 512 B.
1831 481 1916 513 habet
1930 482 2096 513 consimiles
2124 482 2233 513 Literas

1164 515 1297 563 Patentes
1313 518 1349 548 de
1364 518 1568 555 presentatione
1581 520 1618 550 ad
1633 521 1776 550 Vicariam
1789 520 1825 550 de
1840 521 1965 561 Anfley,
1984 520 2234 552 Diocesiscoven-

1165 563 1218 585 me
1239 555 1278 591 ὠ·
1299 555 1440 596 Lichenfis
1457 578 1467 594 ,
1488 567 1537 594 pei·
1559 567 1686 589 mortem
1710 558 1805 588 ultimi
1826 558 2025 590 Incumbentis
2045 560 2154 590 ibidem
2171 561 2232 599 jam

1165 603 1315 626 vacantem
1336 617 1346 633 ,
1381 595 1415 625 &
1439 595 1474 625 ad
1495 594 1623 626 nostram
1654 596 1893 632 presentationem
1918 599 2004 635 pleno
2020 598 2082 635 jure
2105 599 2236 636 speetan—

1165 641 1250 671 tem,
1290 632 1327 663 Et
1353 632 1515 670 diriguntur
1542 634 1580 663 he
1606 633 1701 664 Litere
1725 633 1898 666 Reverendo
1926 637 1955 665 in
1974 635 2093 666 Christo
2110 637 2183 668 Patri
2200 646 2234 667 ac

1166 671 1302 739 meino
1317 671 1434 702 Roberto
1453 695 1463 711 ,
1499 671 1683 712 permissione
1700 671 1799 704 divini
1817 677 1964 705 Coventrie
1980 672 2019 709 ὠ·
2044 675 2173 715 Lichenfi
2196 675 2240 706 E-

1189 719 1246 740 ico
1290 734 1296 740 .

1167 720 1187 748 p
1202 719 1291 779 Teise
1308 747 1393 789 Rege
1407 749 1481 789 apud
1496 748 1774 789 W’stmonasterium,
1791 746 1896 779 ultimo
1907 749 1955 781 die
1969 751 2135 783 Decembris.

1210 824 1360 863 Johannes
1377 826 1508 864 Moulas,
1533 825 1680 862 Clericus,
1701 824 1736 855 A.
1760 822 1807 854 M.
1831 824 1917 855 habet
1942 827 2105 859 consimiles
2128 829 2240 860 Literas

1169 863 1303 894 Parentes
1324 864 1363 895 de
1385 866 1608 902 presentatione,
1631 865 1666 896 ad
1690 863 1836 894 Vicariam
1859 863 1897 893 de
1913 864 2077 905 Shalfleete,
2106 867 2239 899 Diocesis

1170 902 1331 940 Lincolnie,
1348 913 1396 941 per
1414 914 1540 935 mortem
1555 904 1651 934 ultimi
1667 900 1867 933 Incumbentis
1882 902 1991 933 ibidem
2007 905 2066 942 jam
2075 916 2239 945 vacantem,

1170 941 1205 971 ὃς
1221 941 1255 972 ad
1268 941 1393 985 nostram
1410 942 1645 980 presentationem
1663 942 1750 979 pleno
1761 942 1825 979 jure
1840 941 2036 980 speaeftantem3
2060 942 2101 974 Et
2115 945 2242 983 dirigun-

1172 988 1216 1009 tur
1231 980 1267 1010 he
1285 980 1379 1012 Litere
1398 980 1574 1012 Reverendo
1589 982 1618 1010 in
1636 979 1756 1010 Christo
1780 979 1855 1010 Patri
1878 990 1912 1011 ac
1935 979 2069 1011 Domino
2091 982 2244 1022 Gultm,

1171 1017 1355 1056 permistione
1369 1019 1466 1051 divina
1480 1023 1617 1050 Wintonie
1639 1018 1664 1049 E
1687 1019 1794 1056 iscopo.

1209 1056 1300 1088 Teste
1314 1056 1398 1097 Rege
1413 1059 1488 1097 apud
1506 1029 1783 1097 Wssmonab'erium,
1800 1057 1902 1095 quinto
1915 1057 1962 1089 die
1974 1057 2123 1096 Jamaris.

1208 1132 1353 1172 Johannes
1365 1134 1483 1173 Grayle,
1503 1135 1651 1172 Clericus,
1669 1134 1706 1165 A.
1722 1132 1771 1165 M.
1784 1134 1869 1166 habet
1884 1135 2047 1166 consimiles
2062 1136 2172 1168 Literas
2187 1132 2244 1169 Pa-

1170 1179 1261 1203 tentes
1277 1171 1313 1202 de
1328 1173 1534 1211 presentatione
1546 1173 1580 1204 ad
1596 1173 1767 1204 Rectoriam
1782 1173 1818 1205 de
1831 1173 1994 1214 Salperton‚
2021 1173 2153 1207 Diocesis
2173 1175 2241 1205 Glo-

1171 1210 1319 1255 cestmsfis,
1335 1213 1393 1249 jam
1408 1213 1545 1251 legittime
1561 1213 1595 1243 &
1608 1212 1644 1243 de
1655 1213 1716 1251 jure
1735 1221 1885 1244 vacantem
1895 1235 1906 1251 ‚
1921 1214 1955 1245 &
1974 1212 2010 1244 ad
2031 1214 2160 1245 nostram
2177 1224 2245 1253 pre-

1171 1249 1358 1293 sentationem
1382 1260 1432 1290 per
1451 1250 1558 1289 lapsum
1570 1251 1709 1288 temporis
1723 1250 1778 1281 sive
1791 1261 1840 1288 per
1855 1253 2026 1290 pravitatem
2040 1252 2174 1284 Simonie
2189 1254 2246 1285 hac

1172 1287 1452 1332 vice-spectantem,
1471 1290 1508 1320 Et
1528 1290 1692 1326 diriguntur
1710 1290 1748 1319 he
1769 1289 1866 1321 Litere
1882 1290 2056 1322 Reverendo
2076 1293 2107 1323 in
2121 1292 2247 1324 Christo

1173 1326 1249 1396 ¹IJatri
1268 1337 1301 1358 ac
1322 1327 1458 1359 Domino
1475 1327 1609 1367 Godfrido
1628 1351 1639 1367 ,
1675 1327 1858 1366 permissione
1882 1328 1982 1360 divin&
2005 1329 2147 1371 Glocestrie
2174 1330 2248 1369 Epi-

1186 1375 1274 1404 copo.

1210 1404 1299 1437 Teste
1316 1403 1402 1444 Rege
1416 1406 1491 1445 apud
1506 1403 1768 1445 Wstmonast'erium
1778 1427 1790 1444 ,
1806 1405 1911 1437 ultimo
1917 1405 1965 1437 die
1976 1406 2141 1438 Decembris.

1218 1481 1378 1513 Nathaniel
1390 1482 1580 1521 Nettmaker,
1596 1481 1745 1521 Clericus,
1763 1481 1802 1513 A.
1818 1481 1867 1513 M.
1884 1482 1971 1514 habet
1984 1482 2150 1515 consimiles
2166 1483 2249 1516 Lite-

1176 1530 1220 1552 ras
1236 1520 1365 1553 Patentes
1382 1522 1418 1552 de
1435 1521 1639 1559 presentatione
1661 1521 1696 1551 ad
1713 1520 1860 1552 Vicariam
1880 1521 1917 1552 de
1936 1522 2095 1562 Hanstope,
2116 1521 2249 1554 Diocesis

1178 1559 1338 1598 Lincolnie,
1352 1561 1413 1599 jam
1426 1560 1567 1597 legittime
1582 1560 1616 1591 &
1632 1559 1669 1589 de
1680 1559 1743 1597 jure
1751 1568 1921 1597 vacantem,
1939 1561 1973 1591 &
1989 1561 2025 1592 ad
2040 1560 2169 1591 nostram
2184 1571 2250 1599 pr&

1177 1599 1376 1640 sentationemv
1392 1609 1441 1638 per
1461 1600 1567 1636 lapsum
1589 1599 1728 1637 temporis
1746 1598 1802 1629 hac
1817 1599 1883 1629 vice
1907 1598 2101 1638 spediantem3
2122 1599 2161 1630 Et
2178 1601 2250 1631 diri-

1175 1646 1281 1676 guntur
1301 1637 1338 1667 he
1362 1637 1459 1668 Litere
1486 1636 1737 1667 Reverendilsirno
1756 1638 1786 1667 in
1808 1636 1931 1667 Christo
1947 1636 2071 1668 Patriae
2094 1638 2249 1678 Domino,

1180 1677 1317 1707 Domino
1333 1675 1483 1713 Gulielmo,
1510 1674 1691 1712 providentia
1714 1674 1812 1705 divini
1828 1677 2023 1715 Cantuarienfi
2042 1677 2247 1717 Archiepisco-

1177 1724 1235 1753 po,
1253 1716 1360 1744 ratione
1375 1714 1567 1752 Suspensionis
1584 1713 1719 1752 Episcopi
1732 1712 1884 1744 Lincolnie.

1213 1752 1304 1785 Teste
1321 1751 1405 1791 Rege
1422 1753 1496 1791 apud
1511 1751 1767 1791 Westmonasterium
1780 1775 1790 1791 ,
1807 1752 1984 1785 duodecimo
1999 1752 2046 1784 die
2059 1752 2212 1793 Januarii.

1222 1829 1366 1869 Johannes
1380 1832 1481 1860 Donne
1493 1853 1503 1868 ,
1522 1827 1671 1867 Clericus,
1691 1828 1728 1860 L.
1749 1828 1785 1860 L.
1801 1827 1834 1860 B.
1857 1829 1942 1861 habet
1961 1829 2127 1862 confimiles
2148 1831 2257 1863 Literas

1180 1866 1312 1900 Parentes
1327 1869 1363 1899 de
1376 1868 1578 1906 presentatione
1595 1869 1631 1900 ad
1644 1868 1814 1899 Recioriam
1830 1867 1866 1899 de
1883 1868 2020 1906 Roodinge
2035 1868 2118 1908 alta,
2136 1869 2252 1903 Diooe-

1180 1907 1212 1938 sis
1234 1908 1368 1946 London,
1387 1909 1447 1946 jam
1471 1907 1607 1945 legittime
1631 1907 1664 1938 &
1689 1907 1724 1937 de
1746 1908 1805 1946 jure
1825 1915 1994 1946 vacantem,
2018 1908 2052 1938 &
2067 1908 2106 1939 ad
2125 1908 2254 1940 nostram

1180 1947 1418 2016 piresentationem
1441 1945 1529 1983 pleno
1546 1947 1608 1984 jure
1630 1946 1820 1984 speciantem5
1848 1946 1889 1976 Et
1909 1947 2070 1986 diriguntur
2090 1948 2128 1978 he
2153 1947 2254 1979 Lioere

1213 1986 1354 2017 everendo
1371 1986 1400 2015 in
1417 1983 1536 2015 Christo
1553 1984 1632 2016 Patri
1645 1994 1679 2016 ac
1694 1984 1829 2015 Domino
1844 1983 1994 2023 Gulielmo,
2010 1984 2196 2025 permiffioiie
2210 1985 2255 2018 di-

1180 2025 1249 2056 vinit
1265 2024 1381 2054 London
1395 2023 1546 2063 Episcopo.
2243 2019 2256 2024 ⁴

1213 2063 1306 2095 Teste
1322 2063 1404 2103 Rege
1418 2063 1494 2103 apud
1509 2061 1796 2103 Wstmonasterium,
1814 2062 1934 2094 decimo
1947 2060 1993 2094 die
2005 2061 2093 2101 Julii.

1217 2141 1379 2172 Edwardus
1394 2144 1484 2178 Foxe,
1503 2139 1653 2179 Clericus,
1674 2138 1712 2172 A.
1734 2138 1767 2172 Β.
1788 2139 1873 2172 habet
1894 2139 2055 2172 consimiles
2075 2137 2185 2173 Literas
2197 2137 2253 2174 Pa·-

1182 2189 1272 2212 tentes
1287 2181 1323 2212 de
1338 2180 1546 2219 presentatione
1558 2181 1593 2210 ad
1611 2179 1781 2211 Reooriam
1796 2180 1833 2210 de
1846 2179 2133 2218 Moreton‚Di0cefis
2140 2180 2254 2221 Bnstol,

1174 2220 1236 2256 jam
1260 2220 1398 2259 legittime
1423 2219 1457 2250 δε
1477 2219 1513 2249 de
1529 2219 1593 2256 jure
1616 2227 1786 2258 vacantem,
1810 2219 1844 2250 &
1868 2220 1902 2250 ad
1927 2218 2054 2249 nostram
2071 2221 2252 2260 presenmtio-

1179 2268 1249 2289 nem
1276 2268 1326 2298 per
1361 2257 1471 2296 lapsum
1499 2258 1638 2295 temporis
1658 2281 1667 2295 ,
1705 2258 1762 2288 sive
1785 2267 1836 2295 per
1855 2259 2021 2295 pravitatem
2039 2258 2171 2289 simonie
2194 2259 2251 2290 hae

1178 2299 1243 2328 vice
1260 2297 1432 2335 speetaniem
1451 2307 1461 2334 3
1498 2295 1535 2326 Et
1554 2296 1714 2334 diriguntur
1734 2297 1771 2327 he
1791 2296 1887 2326 Litere
1906 2295 2082 2327 Reverendo
2107 2298 2136 2327 in
2161 2297 2251 2329 Chri-

1178 2335 1225 2379 fio
1245 2335 1322 2367 Patri
1342 2345 1375 2366 ac
1399 2334 1535 2366 Domino
1558 2335 1674 2364 Roberto
1693 2358 1703 2373 ,
1739 2336 1925 2373 permiffione
1945 2335 2041 2365 divina
2064 2335 2170 2376 Bristol
2180 2335 2252 2375 Epi-

1180 2379 1230 2406 lco
1273 2399 1277 2405 .
1798 2382 1803 2386 ·

1217 2385 1307 2444 Ἰρὲιὶε
1330 2412 1414 2451 Rege
1435 2411 1512 2450 apud
1536 2410 1798 2451 Wesemonasterium
1815 2434 1825 2451 ,
1859 2411 2000 2444 vicesimo
2021 2412 2101 2445 sexto
2122 2413 2169 2445 die
2187 2411 2251 2454 Ja-

1179 2455 1282 2483 nuarii.

1219 2528 1371 2559 Richardus
1387 2528 1512 2566 Brooke,
1531 2526 1680 2566 Clericus,
1703 2527 1789 2558 habet
1806 2526 1969 2558 consimiles
1989 2527 2099 2560 Literas
2119 2527 2252 2560 Patentes

1180 2567 1218 2598 de
1231 2568 1436 2606 presentatione
1452 2568 1486 2598 ad
1508 2566 1675 2596 Reitoriam
1699 2567 1734 2597 de
1757 2566 1882 2604 Nolim,
1908 2566 2038 2597 Diocesis
2058 2566 2252 2608 Menevenfis‚

1184 2616 1234 2645 per
1249 2616 1375 2637 mortem
1391 2606 1483 2636 ultimi
1501 2604 1699 2635 Incumbentis
1714 2606 1822 2635 ibidem
1833 2606 1894 2643 jam
1910 2614 2074 2643 vacantem,
2095 2607 2129 2638 ὃς
2141 2607 2178 2637 ad
2192 2617 2249 2637 no-

1179 2646 1266 2676 stram
1279 2645 1516 2683 presentationem
1533 2644 1619 2681 pleno
1629 2644 1693 2680 jure
1708 2643 1898 2682 spetftantem3
1917 2644 1955 2673 Et
1969 2644 2126 2681 diriguntur
2139 2645 2178 2675 he
2195 2645 2246 2674 Li·

1181 2693 1238 2715 tere
1255 2684 1429 2715 Reverendo
1445 2685 1474 2712 in
1492 2681 1612 2712 Christo
1629 2682 1706 2712 Patri
1719 2692 1753 2713 ac
1766 2682 1902 2713 Domino
1917 2684 2018 2718 Rogero
2027 2703 2039 2719 ,
2062 2681 2249 2719 permissione

1181 2722 1279 2753 divina
1297 2721 1461 2761 Menevenfi
1474 2720 1631 2758 Episcopo.

1180 2761 1310 2829 brTeste
1323 2760 1405 2799 Rege
1420 2760 1494 2799 apud
1508 2756 1783 2797 Wllmonasterium,
1800 2756 1920 2789 decimo
1933 2757 2057 2796 septimo
2070 2759 2117 2792 die
2122 2760 2251 2791 Novem.

1214 2810 1246 2830 rs.

1217 2874 1366 2915 Johannes
1379 2873 1486 2911 Smith,
1504 2872 1652 2911 Clericus,
1672 2872 1709 2903 A.
1724 2871 1769 2903 M.
1788 2872 1876 2904 habet
1888 2874 2050 2906 consimiles
2066 2875 2177 2908 Literas
2191 2875 2250 2907 Pa-

1184 2923 1275 2945 tentes
1289 2915 1324 2944 de
1339 2914 1543 2953 presentatione
1557 2913 1592 2943 ad
1606 2912 1748 2943 Vicariam
1762 2912 1798 2942 de
1813 2912 1948 2952 Westbury
1964 2915 1994 2944 in
2015 2914 2165 2946 Comitatu
2181 2914 2250 2945 Glo-

1182 2952 1288 2991 cestrie,
1300 2954 1358 2991 jam
1375 2952 1515 2989 legittime
1529 2952 1561 2982 ὅτ.
1575 2951 1612 2981 de
1624 2952 1686 2990 jure
1700 2959 1866 2989 vacantem,
1884 2952 1918 2982 &
1940 2952 1974 2983 ad
1990 2952 2120 2984 nostram
2138 2953 2249 2992 presen-

1183 2993 1324 3023 tationem
1342 3001 1390 3029 per
1412 2990 1517 3027 lapsum
1543 2991 1680 3027 temporis
1697 2989 1752 3020 hac
1767 2990 1832 3020 vice
1854 2990 2044 3030 speritantem3
2063 2991 2101 3023 Et
2122 2991 2249 3030 dirigun-

1183 3039 1228 3061 tur
1245 3031 1280 3061 he
1299 3030 1391 3060 Litere
1407 3029 1580 3059 Reverendo
1593 3030 1622 3059 iri
1639 3027 1760 3058 Christo
1775 3028 1849 3059 Patri
1863 3039 1897 3060 ac
1919 3031 1937 3049 ὃ*
1957 3029 2091 3062 Domino
2112 3030 2247 3067 Roberto,

1183 3068 1364 3114 permissione
1396 3067 1497 3099 divinit
1524 3067 1630 3106 Bristol
1655 3066 1802 3105 Episcopo
1818 3090 1828 3106 ,
1865 3068 1912 3099 sue
1939 3069 2085 3106 peculiaris
2110 3067 2250 3106 Jurisdic-

1183 3118 1278 3140 tionis.

1221 3145 1309 3177 Teste
1332 3144 1413 3185 Rege
1435 3145 1510 3184 apud
1532 3143 1809 3185 Wstmonasterium,
1837 3145 1978 3177 vicesimo
1993 3143 2099 3176 octavo
2121 3143 2168 3175 die
2186 3143 2250 3184 Ja-

1184 3196 1288 3217 ”uaru-

1223 3272 1339 3303 Thomas
1359 3271 1519 3311 Baldwyn,
1541 3270 1690 3308 Clericus,
1717 3269 1755 3299 A.
1777 3267 1825 3299 Μ.
1849 3268 1937 3299 habet
1959 3267 2120 3300 consimiles
2142 3269 2252 3302 Literas

1187 3311 1318 3342 Patentes
1337 3310 1372 3340 de
1398 3311 1603 3349 presentatione
1627 3309 1662 3339 ad
1683 3307 1850 3338 Rectoriam
1873 3307 1909 3337 de
1931 3306 2092 3346 Yelverton,
2118 3307 2251 3341 Diocesis

1190 3350 1444 3388 Norwi'censrs,per
1458 3349 1673 3387 resignationem
1688 3346 1780 3376 ultimi
1797 3344 1993 3376 Incumbentis
2010 3346 2117 3377 ibidem
2128 3348 2192 3386 jam
2199 3357 2250 3378 va-

1190 3397 1320 3424 cantem,
1339 3389 1372 3418 &
1388 3388 1422 3418 ad
1439 3387 1567 3417 nostram
1582 3385 1819 3423 presentationem
1835 3384 1921 3421 pleno
1928 3383 1990 3421 jure
2004 3384 2177 3424 spestantem
2187 3396 2198 3424 3
2209 3384 2250 3416 Et

1192 3427 1355 3463 diriguntur
1369 3427 1405 3455 he
1423 3426 1518 3456 Litere
1536 3423 1709 3454 Reverendo
1726 3423 1755 3451 in
1771 3420 1891 3452 Christo
1908 3422 2029 3455 Patriae
2045 3423 2182 3455 Domino
2201 3426 2255 3460 Rs}

1192 3464 1309 3502 chardo,
1326 3463 1508 3503 permissione
1521 3462 1617 3493 divinit
1631 3460 1804 3501 Norwicenfi
1811 3460 1965 3501 Episcopo.

1229 3515 1319 3547 Teste
1333 3514 1415 3555 Rege
1431 3515 1505 3552 apud
1523 3512 1795 3552 Westmonasterium,
1812 3512 1955 3544 tricesimo
1969 3512 2016 3543 die
2034 3513 2186 3553 Januarit'.

1231 3594 1358 3628 Georgius
1374 3595 1486 3629 Crumpe
1496 3612 1506 3628 ,
1524 3589 1673 3627 Clericus,
1692 3588 1728 3620 A.
1745 3587 1793 3619 M.
1805 3588 1891 3619 habet
1907 3588 2068 3620 consimiles
2081 3589 2190 3622 Literas
2199 3591 2253 3624 Pa-

1194 3639 1284 3661 tentes
1299 3630 1334 3659 <le
1351 3630 1554 3666 presentatione
1569 3628 1604 3659 ad
1620 3627 1763 3658 Vicariam
1780 3628 1815 3657 de
1831 3626 1976 3665 Trellicke,
1994 3637 2064 3658 cum
2085 3628 2203 3667 Capella
2218 3632 2255 3663 de

1195 3667 1316 3698 Penault
1329 3667 1422 3697 eidem
1437 3667 1565 3704 annexa,
1582 3666 1710 3696 Diocelis
1726 3665 1923 3705 Laudavenfis
1936 3688 1946 3704 ,
1970 3676 2018 3703 per
2036 3666 2254 3706 resignationem

1195 3707 1287 3736 ultimi
1300 3705 1495 3735 incumbentis
1510 3704 1621 3734 ibidem
1633 3705 1692 3742 jam
1709 3713 1874 3742 vacantem,
1894 3705 1927 3735 &
1947 3705 1981 3733 ad
2002 3704 2130 3735 nostram
2144 3708 2256 3744 presen-

1195 3745 1333 3775 tationem
1350 3743 1436 3779 pleno
1447 3743 1509 3780 jure
1525 3744 1715 3781 speciantem3
1734 3743 1773 3774 Et
1794 3744 1955 3779 diriguntur
1976 3742 2013 3772 he
2040 3742 2135 3774 Litere
2155 3745 2256 3778 Reve-

1195 3782 1286 3812 rendo
1301 3783 1329 3810 in
1346 3780 1467 3810 Christo
1484 3781 1607 3812 Patriae
1628 3782 1764 3812 Domino
1783 3780 1932 3818 Gulielmo,
1950 3781 2132 3818 permissione
2153 3784 2254 3818 divinit

1194 3818 1376 3857 Landavenfi
1388 3818 1541 3860 Episcopo.

1229 3869 1319 3900 Teste
1335 3868 1417 3909 Rege
1431 3870 1504 3907 apud
1518 3869 1794 3911 Wstmonasterium,
1812 3869 1954 3901 tricesimo
1974 3871 2020 3902 die
2032 3872 2183 3910 Januarii.

1231 3944 1380 3976 Gulielmus
1403 3946 1552 3983 Houghton
1564 3970 1574 3985 ,
1612 3946 1744 3977 Clericus
1759 3968 1769 3983 ,
1806 3945 1842 3976 A.
1858 3944 1905 3975 M.
1926 3945 2011 3980 habet
2025 3950 2185 3983 consimiles
2199 3953 2252 3984 Li-

1196 3992 1266 4028 teras
1293 3984 1422 4014 Parentes
1454 3987 1490 4015 de
1521 3985 1725 4023 presentatione
1750 3983 1785 4013 ad
1816 3983 1986 4029 Rectoriam
2013 3987 2050 4017 de
2073 3990 2225 4032 Ponmayna
2240 4015 2252 4030 ,

1195 4022 1325 4055 Diocesis
1347 4023 1521 4062 Menevenfis
1541 4046 1552 4061 ‚
1587 4033 1636 4062 per
1666 4021 1831 4054 Ceffioneni
1855 4022 1950 4054 ultimi
1977 4024 2173 4060 Incumbentis
2195 4030 2252 4058 ibi-

2191 4067 2262 4099 dem

2289 491 2337 529 98.

2294 835 2342 862 97·

2297 1499 2345 1526 95·

2303 1838 2352 1874 94.

2301 2154 2350 2190 933

2305 2548 2351 2575 92.

2305 2898 2352 2926 9¹-

2268 3038 2287 3058 *
2298 3040 2366 3070 XX.

2270 3087 2334 3117 323.

2304 3278 2352 3307 9ο.

2307 3973 2354 4002 88.
