2561 4263
216 101 237 142 8
539 86 1984 139 CONVENTIONES,LITERAE,

1330 171 1448 216 Delicta
1464 173 1508 202 vel
1524 172 1674 210 Excessus,
1692 172 1865 203 Contraehis
1882 173 1925 203 vel
1942 172 2057 211 Injurias
2070 171 2104 203 ad
2121 172 2229 203 Forum
2253 171 2395 204 Ecclefia·
2404 169 2481 200 Arm.
2495 169 2540 200 D.

1331 211 1454 248 sticum,
1470 212 1502 241 &
1521 222 1577 249 que
1596 213 1630 242 ad
1650 212 1756 242 Forum
1770 211 1866 242 Civile
1880 212 1913 242 δί
1929 211 2090 242 Pretorium
2105 212 2228 250 speetare
2252 212 2392 250 debeant,
2424 209 2512 248 1636-

1329 248 1526 279 determinare.
2400 250 2452 274 An.
2475 257 2518 276 12.

1368 287 1489 318 Proviso
1502 298 1598 318 tamen
1616 288 1693 326 quod
1707 289 1815 326 Leges,
1826 287 2032 318 Ordinationes
2046 288 2078 319 &
2094 288 2323 320 Constitutiones
2337 289 2392 319 hu·-
2400 289 2464 314 Car.
2487 295 2513 316 ι.

74 215 153 247 'Ann
167 213 211 243 D.
590 224 668 227 -
755 223 813 225 *⁷⁷-

75 253 193 321 Αζόξξ
224 276 272 308 De
305 268 500 314 Commiffione
522 269 646 316 speciali
668 270 798 301 Domino
833 266 1050 313 Aawhicpiscopo
1082 263 1287 305 Caeintuarienfi

74 335 173 362 Cani,
690 328 726 355 ω’
754 317 833 349 aliis.

73 409 134 435 PM-
156 416 197 434 12·
303 405 367 438 EX
403 404 464 441 &a
502 401 754 434 Reverendiffimo
771 402 798 430 in
818 400 939 431 Christo
958 399 1031 429 Patri
1050 399 1083 429 δε
1103 404 1237 435 perquam
1252 393 1285 423 fi-

74 448 130 472 CM
155 455 177 472 ¹·
192 452 218 481 Ρ·
231 415 292 478 R
311 430 557 475 deli⁷C0nsiliirio
574 441 691 479 nostro,
717 440 867 470 Wilnelmo
888 439 1072 481 Providentia
1095 436 1193 465 divina
1209 437 1285 476 Cari-

73 491 195 549 Zi.n.4.
225 484 357 525 marien-fi
384 481 611 520 Archiepiscopo
622 503 631 518 ,
666 481 751 510 totius
780 477 886 515 Anglie
914 477 1030 507 Priniati
1052 476 1084 505 &
1110 471 1284 509 Metropoli-

92 531 117 549 or
130 543 138 550 .
219 533 289 555 tatio

110 523 135 558 s
260 545 307 592 Ac'
322 559 480 601 perdiletsto
497 558 530 588 &
547 565 682 594 perquam
698 553 772 584 fideli
789 553 958 584 Consiliario
972 552 1090 590 nostro,
1109 550 1208 581 Thome
1221 552 1283 579 Do-

220 604 294 632 mino
307 601 456 630 coventrie
474 595 576 633 Magni
593 594 685 629 sigilli
700 591 787 623 nostri
804 592 909 629 Anglie
926 591 1066 628 Custodi,

255 640 300 670 Ac
317 639 404 668 etiam
420 631 667 664 Reverendiffimo
683 633 711 661 in
726 630 845 661 Christo
862 631 933 661 Patri
948 641 981 660 ac
997 628 1152 668 perdilecto
1166 629 1199 659 &
1219 636 1281 665 per-

221 687 307 717 quam
324 675 397 706 fideli
412 672 582 703 Consiliario
599 670 716 707 nostrO,
734 669 852 699 Ricardo
875 668 1059 699 Providentia
1082 667 1181 697 divina
1205 665 1280 694 Ebo-

219 728 280 748 rum
297 711 517 750 ArchiepiscopO,
536 708 639 746 Anglie
656 708 772 738 Primati
787 709 821 739 &
836 707 1081 745 Metropolitano,

257 753 390 785 Necnon
408 748 580 780 Reverendo
596 748 626 777 in
640 746 758 779 Christo
780 746 856 779 Patri
875 748 908 778 ὃς
924 745 1081 784 ΡεῐόἰΙεᾶο
1095 744 1128 775 &
1143 752 1280 783 perquam

220 793 296 825 fideli
313 788 483 820 Consiliario
498 786 615 824 nostro,

259 828 396 860 Willielmo
422 823 549 865 Epifiopo
573 824 692 855 London
707 846 718 863 ,
752 823 867 855 summo
886 823 1073 854 Thesaurario
1090 820 1193 852 nostro
1213 823 1281 849 An·

229 870 265 899 lie

211 882 232 909 g
256 892 476 942 13erdile6tisque
488 903 522 935 «sc
535 911 671 941 perquam
687 901 814 932 flactibus
826 900 1051 939 Concanguineis
1065 899 1098 930 sc
1108 896 1283 929 Confriiariis

211 947 314 978 nosti-is

253 968 372 1017 Heniico
388 984 486 1012 comiti
502 978 677 1017 Manchester
687 1001 698 1016 ,
718 979 826 1010 Privati
840 977 934 1016 sigilli
948 976 1035 1007 nostri
1051 974 1194 1012 Custodi,

254 1023 355 1053 Thome
381 1023 480 1051 Comiti
500 1017 651 1049 Arundell'
675 1018 709 1048 ὃς
733 1016 812 1047 Surr'
829 1039 839 1055 ,
876 1015 992 1046 Comiti
1020 1014 1192 1045 Mai-escailo
1210 1014 1280 1042 An-

227 1062 262 1092 lie

208 1075 228 1102 g
257 1085 401 1130 Iidwardo
416 1100 515 1127 comiti
528 1094 716 1135 Dorchellrie‚
734 1093 902 1125 Camerario
925 1091 1134 1131 perchariffime
1148 1089 1278 1120 Consor-

214 1140 252 1170 tis
266 1139 360 1169 nostre
377 1137 508 1175 Regine,

253 1179 299 1209 Ac
314 1175 472 1214 perducetis
487 1176 521 1206 ὃς
538 1172 666 1203 fidelibus
680 1171 850 1202 Consiliariis
867 1170 986 1208 nostris,
1250 1204 1255 1209 ι

251 1213 391 1253 Francisco
427 1217 546 1243 Domino
577 1214 739 1248 Conington
774 1209 953 1240 Cancellario
981 1209 1015 1240 ὃς
1046 1205 1277 1248 Subtliesaurario

215 1255 360 1286 Scaccarii
379 1253 486 1290 nostri,
511 1262 545 1282 ac
562 1249 705 1289 Magistro
719 1248 808 1279 Curie
825 1248 920 1279 nostre
935 1247 1114 1278 Wardorum
1132 1245 1165 1276 δε
1191 1244 1277 1273 Libe-

211 1302 356 1325 rationum

249 1332 347 1363 Thome
366 1314 506 1359 'Edmonds
528 1326 633 1363 Militi,
653 1326 841 1356 Thesaurario
859 1324 986 1362 Hospitii
1008 1321 1115 1360 nostri,

248 1374 370 1402 Henrico
385 1371 459 1398 Vane
475 1366 586 1403 Militi,
604 1364 868 1395 Controrotulatori
889 1363 1013 1401 Hospitii
1029 1361 1135 1399 nosti-i,

247 1409 379 1447 Jmanm·
398 1407 465 1436 Coke
489 1404 602 1442 Militi,
632 1403 853 1435 Secretariorum
882 1402 1045 1433 nostrorum
1069 1399 1272 1438 primariorum

248 1450 256 1478 i
295 1448 330 1478 Et

206 1459 385 1524 un1*“’ra⁷zci‘sc‹›
402 1481 594 1514 Windebanke
612 1479 720 1519 Militi,
744 1480 965 1511 Secretariorum
982 1478 1143 1510 nostrorum
1167 1477 1272 1514 prima-

206 1527 316 1557 riorum
331 1524 425 1561 altcri,
443 1522 578 1552 Salutem.

248 1564 331 1595 Cum
346 1562 536 1593 Subditorum
551 1558 714 1590 nostrorum
730 1558 764 1588 &
781 1567 869 1595 nuper
887 1557 977 1587 Patris
990 1556 1079 1586 nostri
1093 1557 1203 1584 Domini
1211 1553 1273 1591 Ja-

212 1603 267 1634 tobi
290 1610 371 1640 nuper
393 1603 471 1637 Regis
492 1597 616 1636 Anglie,
645 1598 785 1626 memorie
807 1596 975 1634 recolende,
1007 1594 1157 1629 nonnulli,
1180 1591 1272 1627 Regia

56 1660 73 1680 ς
211 1641 346 1673 Licentia
364 1640 522 1674 mediante,
542 1636 657 1673 Imperii
677 1636 694 1654 ³ss
716 1635 805 1665 nostri
817 1635 972 1664 Territoiia
987 1643 1046 1662 non
1071 1632 1180 1663 tantum
1204 1631 1273 1660 dila-

101 1662 172 1691 XX⁸
211 1681 289 1711 tandi
308 1679 419 1715 studio,
437 1676 482 1706 sed
498 1676 632 1712 precipue
650 1683 685 1704 ex
701 1675 749 1711 pio
763 1676 794 1705 ἃ
811 1673 943 1709 religioso
959 1672 1085 1714 Domini
1110 1669 1271 1712 nostri-Je—

110 1708 140 1734 9‘
203 1718 242 1759 fia
264 1717 362 1755 christi
385 1714 576 1751 Evangelium
603 1712 773 1752 propagandi
796 1712 900 1742 aih-etii
925 1713 957 1742 &
972 1711 1124 1746 desiderio,
1143 1712 1271 1751 copiosas

206 1758 311 1788 Gentis
327 1755 489 1792 Anglicane
505 1751 661 1789 Colonias,
676 1751 790 1781 sumnia
805 1749 940 1780 industria
956 1750 987 1779 &
1004 1749 1116 1785 magnis
1138 1747 1270 1784 hxpeniis

205 1797 236 1828 in
251 1797 372 1826 diversas
389 1792 495 1823 Mundi
508 1791 603 1828 plagas
618 1790 758 1826 incultas,
783 1790 892 1826 penitus
907 1789 940 1819 ὅ(
956 1787 1061 1817 Incolis
1079 1796 1194 1823 vacuas,
1225 1784 1271 1816 vel

209 1836 227 1866 a
242 1834 367 1865 Barbaris
387 1831 493 1861 nullam
514 1828 617 1859 Divini
638 1828 781 1859 Numinis
803 1828 934 1858 notitiam
956 1825 1126 1856 habentibus
1141 1834 1270 1864 occupa-

208 1882 250 1906 tas
266 1872 383 1904 deducti
399 1871 547 1906 fecerunt,
568 1867 634 1898 Nos
648 1876 749 1897 eorum
773 1865 963 1904 tranquillitati
984 1864 1149 1903 prospicere
1168 1865 1269 1894 volen-

206 1921 249 1944 tes
266 1909 456 1949 graciose,&
476 1907 562 1946 quieti
577 1930 586 1943 ‚
606 1905 797 1944 Vestrumque
815 1905 870 1935 fide
886 1928 896 1942 ,
921 1903 1088 1942 prudentia,
1111 1901 1217 1940 justitia
1235 1902 1269 1932 &

206 1951 328 1990 provida
349 1946 617 1985 Circumspeetione
641 1944 748 1983 plenius
770 1943 964 1982 confidentes,
983 1941 1196 1974 Censtituimus
1216 1951 1268 1974 vos

205 1991 349 2029 predictos

241 2026 477 2066 Archiepiscopum
491 2021 716 2064 cantuariensem
725 2046 735 2060 ,

239 2070 388 2098 Dominum
403 2064 539 2105 Custodem
555 2067 609 2094 Ma
627 2066 656 2092 ni
669 2061 756 2101 sigilli
766 2060 850 2102 nostri
865 2060 988 2100 Anglie,

250 2106 447 2143 Eboracensem
462 2074 695 2141 Archiepiscgopum
703 2124 713 2139 ,

239 2146 389 2175 Dominum
403 2142 459 2172 The
473 2145 616 2171 aurariam
633 2140 750 2180 nostrum
767 2138 890 2177 AngHe,

239 2186 388 2214 Dominum
402 2185 440 2211 Cu
467 2180 540 2210 odem
557 2182 672 2209 Privati
693 2178 779 2216 Sigilli
796 2178 879 2218 nostri
890 2200 900 2216 ,

238 2225 371 2252 comitem
388 2218 586 2258 Marescallum
604 2217 726 2255 Angloe,

238 2259 414 2290 Edwardum
431 2261 559 2288 Comitem
574 2255 765 2296 Dorchestrie,

236 2298 408 2339 Franci-scum
424 2301 571 2328 Dominum
586 2298 762 2332 Conington,

236 2337 365 2368 Thomam
384 2337 522 2366 Edmona's
539 2333 678 2372 Militem,

237 2378 389 2407 Henricum
403 2378 478 2405 Vane
494 2373 616 2404 Militem
625 2396 635 2411 ,

237 2414 400 2454 Johannem
416 2415 484 2443 Coke
501 2412 641 2450 Militem,
659 2412 694 2443 &

237 2452 408 2492 Franciscum
423 2451 611 2482 Windebanck
635 2449 777 2487 Militem,
795 2448 827 2480 &
847 2446 988 2486 quossibet
1003 2447 1127 2485 quinque
1139 2445 1184 2476 vel
1200 2445 1262 2483 plu-

197 2501 242 2523 res
265 2492 388 2522 vestium
411 2490 681 2522 Commiffionarios
702 2487 816 2519 nostros
831 2509 839 2524 ,
873 2488 906 2518 &
933 2487 1015 2516 vobis
1037 2487 1070 2516 &
1091 2486 1262 2525 quibussibet

196 2532 322 2570 quinque
341 2531 384 2560 vel
404 2530 528 2567 pluribus
543 2527 668 2559 vestrum
682 2527 780 2557 damus
795 2527 828 2557 &
843 2525 1058 2555 committimus
1082 2524 1261 2561 potest-atem,

195 2570 232 2600 ad
246 2571 372 2607 regimen
386 2569 418 2600 &
436 2576 562 2598 tutamen
577 2567 718 2597 dictarum
735 2564 923 2595 Coloniarum
937 2563 1193 2605 deductarum,vel
1203 2572 1258 2601 que

196 2608 301 2639 Gentis
323 2607 483 2643 Anglicane
499 2605 685 2643 imposterum
702 2604 807 2634 fuerint
825 2605 853 2632 in
876 2601 1001 2639 partibus
1024 2601 1186 2639 hujusmodi
1208 2601 1259 2631 de-

198 2647 306 2684 duCte,
334 2645 444 2682 Leges,
467 2644 697 2675 Constitutiones
711 2643 743 2673 ὅ(
761 2641 981 2681 Ordinationes,
1003 2639 1048 2669 seu
1064 2640 1098 2670 ad
1114 2640 1259 2679 publicam

199 2684 391 2715 Coloniarum
406 2683 517 2712 illarum
534 2683 665 2718 Statum,
691 2681 736 2710 seu
752 2680 787 2710 ad
803 2680 940 2716 privatam
964 2678 1138 2716 lingulorum
1157 2679 1261 2708 utilita-

198 2732 260 2755 tem
278 2724 469 2760 pertinentes,
486 2730 641 2758 eorumque
656 2719 778 2755 Terras,
795 2718 889 2754 Bona,
917 2717 1023 2746 Debita
1045 2717 1078 2747 ὃς
1100 2716 1262 2746 Succeffio-

197 2771 267 2792 nem
285 2763 313 2791 in
328 2762 432 2790 eudem
450 2760 574 2796 partibus
588 2766 808 2793 concernentes,
827 2765 860 2786 ac
878 2755 995 2792 qualiter
1016 2755 1141 2784 invicem
1159 2757 1191 2786 ὃ(
1215 2764 1261 2783 er-

196 2810 233 2840 ga
250 2800 395 2837 Principes
411 2808 519 2828 esteros
532 2805 688 2834 eorumque
709 2795 870 2832 Popu1um;
894 2793 958 2823 Nos
975 2793 1060 2822 etiam
1079 2793 1111 2822 &
1126 2792 1260 2822 Subditos

195 2838 309 2870 nostros
330 2848 387 2868 tam
410 2838 439 2867 in
454 2838 577 2873 partibus
592 2835 702 2865 EXteris
723 2833 952 2870 quibuscunque,
971 2841 1055 2870 quam
1081 2841 1108 2859 in
1132 2830 1209 2861 Mari
1229 2833 1257 2860 in

193 2886 287 2918 partes
298 2876 357 2906 illas
371 2876 417 2906 vel
435 2877 512 2904 retro
529 2874 705 2912 navigando,
723 2878 749 2902 ie
763 2879 879 2911 gerant,
895 2871 938 2899 vel
954 2879 1008 2908 que
1024 2869 1057 2898 ad
1080 2868 1259 2900 sustentatio-

194 2926 265 2948 nem
280 2915 375 2952 Cleri,
395 2914 541 2953 Regimen
557 2915 603 2944 vel
619 2911 728 2941 Curam
745 2911 913 2940 Animarum
931 2908 1034 2947 Populi
1048 2909 1078 2937 in
1094 2910 1216 2947 partibus
1226 2908 1258 2938 il-

196 2956 230 2986 lis
244 2955 374 2993 degentis
387 2962 559 2989 exercentis,
584 2959 724 2989 congruas
741 2950 886 2986 portiones
908 2950 934 2976 i'n
951 2947 1098 2984 Decimis,
1125 2946 1259 2977 Oblatio-

196 2995 300 3031 nibus,
319 2994 429 3031 aliisque
446 2992 648 3029 proventibus,
665 2988 838 3026 designando
852 2987 975 3023 spectant
987 3008 996 3022 ,
1018 2987 1094 3023 juxra
1116 2986 1187 3015 sanas
1203 2985 1261 3015 dis-

196 3034 342 3064 cretiones
372 3030 475 3060 vestras
501 3031 529 3059 in
554 3029 684 3059 Politicis
708 3029 740 3058 ὃς
763 3026 919 3061 Civilibus,
948 3024 980 3054 δε
1005 3024 1106 3054 habito
1129 3024 1258 3054 Consilio

198 3072 322 3102 duorum
340 3070 384 3099 vel
403 3070 489 3099 trium
506 3067 732 3106 Episcoporum,
757 3074 828 3102 quos
848 3064 881 3093 ad
905 3073 956 3093 vos
978 3064 1189 3105 convocandos
1205 3064 1256 3093 du-

198 3110 292 3140 xeritis
306 3107 472 3138 necessarios
485 3108 514 3136 in
530 3105 750 3141 Ecclesiasticis,
773 3106 806 3134 ὃς
826 3102 915 3132 Clero
939 3101 1089 3132 Portiones
1113 3102 1259 3139 designan-

198 3148 247 3186 di,
269 3147 432 3183 condendi,
458 3145 598 3182 reiciendi,
623 3145 656 3175 ὃς
671 3142 791 3180 edendi,
817 3142 896 3172 acin
917 3140 1042 3177 Legum,
1068 3139 1260 3170 Constitutio—

200 3196 274 3216 num
288 3187 320 3217 δε
338 3185 562 3214 Ordinationum
577 3183 685 3212 illarum
702 3180 879 3215 Violatores,
897 3178 988 3207 Penas
1005 3178 1037 3208 ὃ(
1050 3177 1259 3215 ΜυΙὲὶιῑεΛῐτι-

177 3222 392 3263 Ῥοίὶῑίοηεῐη,
424 3222 683 3253 incarcerationem
707 3219 740 3250 &
762 3219 842 3249 aliam
866 3217 1021 3254 quamlibet
1051 3215 1262 3253 Coertionem,

201 3264 289 3295 etiam
307 3262 327 3291 si
341 3270 471 3299 oporteat
487 3262 518 3292 &
534 3260 630 3290 defieri
646 3258 761 3297 qualitas
776 3257 915 3294 exegerit,
934 3264 982 3292 per
997 3253 1127 3284 Membri
1144 3255 1190 3285 vel
1208 3255 1232 3285 V
1237 3256 1261 3284 i-

201 3309 232 3333 te
247 3300 435 3339 privationem
452 3298 640 3338 inflingendas
655 3296 825 3334 providere,
845 3293 926 3324 Cum
943 3292 1077 3329 potestate
1092 3295 1178 3323 etiam
1194 3295 1261 3327 (no-

203 3340 263 3371 stro
277 3338 406 3369 adhibito
420 3337 539 3375 assensu)
562 3337 776 3367 Gubernatores
791 3335 824 3365 ὃ(
850 3331 997 3362 Ρῐεῖεὸίοε
1013 3331 1204 3361 Coloniarum
1229 3332 1262 3361 il-

204 3379 297 3410 larum
311 3379 328 3407 a
342 3377 414 3406 locis
426 3375 477 3406 suis
489 3385 627 3407 amovete
642 3383 675 3405 ex
692 3372 777 3404 causis
789 3382 844 3411 que
860 3372 943 3400 vobis
969 3370 1104 3408 legittime
1124 3371 1180 3400 vise
1200 3370 1262 3400 fue-

202 3420 277 3455 rint,
295 3415 418 3451 aliosque
433 3424 533 3445 eorum
554 3416 622 3445 loco
637 3411 826 3447 constituere,
847 3419 880 3439 ac
896 3408 932 3439 de
947 3409 986 3438 eis
1008 3410 1148 3438 rationem
1171 3409 1262 3446 prefe-

203 3458 286 3487 <iture
298 3457 331 3486 &
345 3453 505 3489 Regiminis
516 3453 632 3483 suorum
647 3452 777 3488 exigere,
794 3450 826 3479 ὅ(
842 3457 913 3485 quos
927 3447 1080 3485 culpabiles
1102 3448 1264 3478 inveneritis

207 3496 258 3527 vel
274 3498 288 3524 a
303 3494 362 3523 loci
378 3492 550 3528 privatione,
571 3490 686 3521 Ixsiuiete
703 3488 884 3526 impositione
901 3484 1033 3528 derssonis
1047 3495 1146 3516 eorum
1162 3487 1190 3514 in
1201 3496 1263 3525 par-

209 3534 285 3565 tibus
299 3532 351 3562 illis
365 3530 487 3560 levando
497 3530 558 3566 ,vel
571 3529 751 3559 abdicatione
764 3529 779 3556 a
797 3524 960 3567 Provinciis
976 3523 1030 3566 illis.
1042 3525 1140 3561 quibus
1153 3525 1264 3561 prefue-

207 3580 293 3609 runt,
309 3570 355 3601 vel
369 3569 447 3601 aliter
461 3567 616 3598 secundum
631 3567 815 3604 quantitatem
833 3564 942 3594 Delicti
964 3561 1113 3598 castigare,
1138 3562 1264 3599 Judices.

209 3621 265 3649 que
279 3612 311 3641 ὃ(
327 3606 512 3643 Magistratus
528 3605 663 3635 Politicos
677 3606 709 3635 ὅ(
727 3603 834 3634 Civiles
847 3602 881 3633 ad
896 3600 998 3633 Causas
1011 3600 1177 3637 Civiles,&
1193 3611 1261 3631 cum

205 3647 366 3690 potestate,
385 3647 417 3676 &
432 3644 482 3674 sub
497 3643 610 3681 forma,
629 3642 683 3680 qua
697 3643 778 3671 vobis
793 3642 917 3679 quinque
940 3640 983 3668 vel
999 3639 1121 3676 pluribus
1137 3638 1261 3668 vestrum

208 3688 352 3719 videbitur
367 3693 399 3713 ex
420 3682 512 3719 edire,
531 3691 566 3711 ac
580 3681 694 3720 Judices
704 3703 712 3717 ,
724 3679 902 3718 Magistratus
915 3679 947 3708 &
964 3678 1123 3714 Dignitates
1135 3677 1169 3706 ad
1185 3676 1264 3707 Cau-

210 3728 250 3759 sas
273 3723 409 3755 Eccleiiai
427 3724 499 3758 icas,
524 3722 556 3751 ὃς
577 3721 626 3750 sub
650 3718 783 3758 potestate
805 3720 836 3748 &
856 3717 948 3747 forma
968 3726 1021 3753 que
1039 3717 1122 3745 vobis
1138 3716 1264 3754 quinque

210 3766 259 3798 vel
272 3763 398 3803 pluribus
420 3758 546 3788 vestrum
570 3758 717 3795 Episcopis
738 3756 929 3792 suffraganeis
951 3754 1167 3793 (Archiepisropo
1191 3758 1267 3785 Can-

209 3800 339 3839 tuarienfi
356 3808 407 3837 pro
421 3806 551 3833 tempore
564 3796 690 3826 existenti
707 3795 859 3831 consulto,)
881 3794 1023 3824 videbitur
1038 3793 1267 3829 expedire,con-

210 3844 325 3875 stituere
339 3840 372 3870 &
386 3837 533 3871 ordinare,
551 3833 720 3871 Curiasque,
741 3832 880 3868 Pretoria,
898 3834 931 3866 ὃς
946 3832 1116 3862 Tribunalia
1131 3840 1191 3861 tam
1208 3831 1267 3864 Ec-

212 3880 365 3913 cleliastica
379 3884 463 3914 quam
480 3873 601 3910 Civilia,
620 3872 801 3910 Judiciorum
823 3871 930 3900 formas
953 3871 985 3899 ὃ(
1010 3869 1183 3906 procedendi
1201 3880 1267 3899 mo-

211 3921 267 3950 dos
289 3922 316 3949 in
336 3915 460 3950 eisdem,
484 3912 516 3941 &
539 3912 574 3943 ab
597 3912 636 3940 eis
657 3909 813 3946 appellandi
837 3910 864 3938 in
890 3908 985 3938 Cauiis
1008 3910 1040 3940 ὅ(
1057 3908 1193 3943 Negotiis
1208 3917 1266 3938 tam

223 3956 513 3990 Criminalibusquam
529 3949 691 3984 Civilibus,
711 3947 915 3984 personalibus,
938 3946 1056 3976 realibus
1071 3947 1103 3977 δε
1126 3947 1220 3975 mixtis
1235 3948 1268 3977 ὃς

218 3997 362 4039 pretoriiS,
380 3992 425 4023 seu
439 3992 475 4022 de
491 3998 565 4028 equo
580 3988 612 4019 ὅ(
629 3989 724 4026 bono,
750 3984 961 4022 constituendi,
986 3986 1019 4016 ὅ(
1041 3994 1095 4022 que
1116 3984 1267 4022 Crimina,

1326 325 1453 363 jusmodi
1468 329 1631 357 executioni
1643 338 1703 357 non
1720 328 1901 364 mandentur,
1920 327 2066 364 quousque
2082 327 2211 357 Asiensus
2231 327 2324 357 noster
2340 327 2393 357 eis-

1329 362 1397 407 dem
1412 364 1578 395 adhibeatur
1588 366 1696 404 Regius
1709 367 1737 395 iri
1750 366 1868 402 Scriptis
1879 365 1929 395 sub
1941 365 2071 403 Signetto
2084 367 2183 395 nostro
2198 365 2338 405 SignatiS,
2352 365 2388 397 ad

1332 404 1481 445 minus,&
1495 403 1655 445 hujusmodi
1668 404 1774 434 assensu
1794 404 1940 441 adhibito,
1959 404 2051 442 eisque
2066 404 2180 439 publice
2203 405 2394 441 promulgatis

1335 448 1366 468 m
1384 439 1545 483 Provinciis
1565 443 1595 471 in
1611 442 1713 479 quibus
1730 442 1782 472 sint
1803 442 1986 479 exequendis,
2007 443 2115 479 Leges,
2135 442 2337 473 Ordinationes
2356 444 2391 474 &

1331 476 1558 509 Constitutiones
1582 479 1640 510 illas
1662 480 1785 516 plenarie
1796 481 1869 517 juris
1889 479 2020 511 firmitate
2042 480 2173 517 adipisci,
2190 482 2222 512 ὃ(
2238 481 2274 510 ab
2290 482 2389 511 omni-

1331 516 1383 546 bus
1399 526 1521 554 quorum
1538 517 1670 548 intercise
1683 519 1787 555 poterit
1803 518 2003 549 inviolabiliter
2026 519 2182 556 observari,
2198 519 2332 550 volumus
2353 520 2387 550 &
2437 529 2440 532 ·

1328 556 1514 599 mandamus,
1536 556 1633 586 Liceat
1644 564 1739 586 tamen
1754 557 1840 586 vobis
1852 559 1976 596 quinque
1995 557 2039 586 vel
2052 558 2176 595 pluribus
2198 557 2340 595 vestrum,
2357 566 2388 588 ut

1326 593 1489 636 predisstum
1504 593 1564 633 est,
1585 593 1925 634 Leges,Constitutiones
1937 596 1970 626 ὃς
1983 595 2186 627 Ordinationes
2202 596 2240 626 sic
2256 595 2390 635 edendas,

1325 631 1394 661 licet
1411 634 1592 672 promulgate
1607 633 1735 671 fuerint,
1749 632 1856 663 affensu
1870 633 1968 664 nostro
1982 634 2097 674 Regio,
2116 643 2245 672 mutare,
2267 644 2388 665 revoca-

1326 679 1355 699 re
1368 670 1402 700 &
1417 671 1571 710 abrogare,
1589 671 1707 710 aliasque
1722 681 1811 701 novas
1825 671 1853 700 in
1872 671 1965 702 forma
1982 674 2126 711 predicta,
2151 673 2187 703 de
2204 682 2335 710 tempore
2355 674 2386 703 in

1327 716 1442 746 tempus
1454 710 1547 740 facere
1564 712 1597 741 &
1611 711 1711 748 edere,
1725 718 1755 740 ut
1769 709 1931 747 predictum
1948 711 2009 749 est,
2022 712 2160 751 novisque
2174 712 2386 749 emergentibus

1327 747 1407 777 malis
1421 749 1465 778 vel
1480 748 1609 786 periculis
1624 759 1702 780 nova
1715 758 1857 786 apponere
1872 748 2013 787 remedia,
2041 754 2055 768 *
2077 758 2162 788 prout
2178 751 2278 788 decet,
2303 750 2386 780 toties
2399 756 2418 776 t
2442 757 2511 790 xx,

1326 786 1435 829 quoties
1445 787 1595 825 expediens
1609 789 1692 819 vobis
1705 788 1849 818 videbitur
1865 788 1898 818 &
1914 787 2118 827 neceffirium,

1362 823 1463 855 Sciatis
1479 826 1612 864 ulterius,
1630 826 1708 864 quod
1723 825 1922 857 constituimus
1938 836 1990 856 vos
2005 826 2038 856 &
2053 827 2191 863 quossibet
2210 827 2336 868 quinque
2351 829 2386 860 ὃς

1326 862 1419 900 plures
1434 862 1578 900 vestrum,
1597 865 1720 902 prefatos
1733 863 1909 894 Willielmum
1925 864 2179 904 Archiepiscopum
2199 870 2388 897 Cantuarien-

1319 899 1398 940 fim,
1416 902 1545 932 Thomam
1559 906 1705 933 Dominum
1721 906 1867 933 Coventrie
1882 902 1984 942 Magni
1997 903 2090 943 Sigilli
2102 903 2192 934 nostri
2207 905 2312 943 Anglie
2319 904 2383 936 Cu-

1324 940 1456 978 stodem,
1474 942 1620 972 Ricardum
1634 941 1828 980 Eboracensem
1840 942 2116 980 Archiepiscopum,
2132 941 2298 974 Dominum
2313 943 2387 975 The-

1318 977 1497 1017 samarium,
1517 983 1662 1010 Henricum
1676 984 1806 1011 Comitem
1822 980 2011 1019 Manchester,
2033 980 2164 1010 Thomam
2184 985 2312 1011 Comitem
2334 986 2386 1012 A-

1325 1018 1446 1047 rundelle
1461 1016 1497 1052 ό
1514 1023 1623 1057 Surrie,
1641 1019 1816 1049 Edwardum
1831 1022 1959 1049 Comitem
1976 1019 2386 1059 Dorccstrie,FranciftumDo-

1326 1060 1429 1086 minum
1449 1061 1610 1095 Conington
1621 1081 1630 1095 ,
1650 1058 1780 1088 Thomam
1803 1057 1942 1087 Edmonds
1968 1056 2118 1096 Militem,
2141 1060 2290 1088 Henricum
2307 1061 2384 1088 Vane

1326 1094 1474 1138 Niiliteni,
1491 1095 1651 1134 Johanmm
1674 1097 1758 1126 Cooke
1780 1095 1910 1125 Militem
1926 1119 1935 1134 ,
1960 1096 1994 1127 &
2016 1095 2185 1135 Francifium
2202 1096 2385 1127 Windebanke

1325 1133 1475 1172 Militem,
1491 1134 1762 1165 Commiffionarios
1780 1133 1908 1172 nostros,
1925 1134 1960 1165 ad
1981 1135 2154 1165 audiendum
2175 1135 2208 1166 &
2228 1137 2386 1166 terminan—

1323 1171 1394 1200 dum
1408 1173 1485 1209 juitta
1501 1173 1575 1203 sanas
1596 1173 1778 1214 discretiones
1798 1172 1919 1211 vestras,
1944 1173 2128 1204 omnimodas
2150 1174 2309 1212 Querelas,
2329 1174 2385 1205 five

1323 1212 1579 1253 contraULolonias
1592 1212 1658 1249 ipsas
1674 1214 1717 1241 ieu
1732 1220 1834 1242 eorum
1857 1211 2004 1242 Prefe&os
2026 1212 2071 1242 vel
2093 1211 2327 1251 Gubernatores,
2347 1212 2384 1243 ad

1322 1248 1482 1292 instantiam
1497 1250 1586 1280 Partis
1600 1260 1733 1286 gravate,
1752 1249 1798 1280 vel
1811 1248 1845 1279 ad
1861 1248 2048 1280 Delationem
2071 1249 2106 1280 de
2124 1249 2236 1288 lnjuriis
2251 1251 2320 1282 hinc
2336 1251 2383 1281 vel

1322 1288 1405 1325 iiide,
1430 1297 1501 1318 inter
1526 1290 1593 1327 ipsas
1607 1290 1651 1319 vel
1668 1288 1795 1327 ipsorum
1813 1287 1954 1318 Membra
1976 1289 2091 1326 aliquod
2106 1289 2188 1320 illatis
2209 1289 2383 1327 movendas,

1321 1325 1471 1366 Partcsque
1486 1338 1584 1358 coram
1602 1328 1684 1357 vobis
1697 1336 1837 1363 evocare,
1853 1336 1888 1356 ac
1905 1327 2033 1357 Partibus
2056 1326 2101 1357 vel
2118 1337 2222 1358 eorum
2241 1328 2384 1360 Procura-

1320 1366 1429 1407 toribus
1444 1366 1510 1396 hinc
1526 1368 1558 1396 ὃς
1578 1367 1644 1396 iride
1660 1366 1777 1402 auditis,
1795 1365 1912 1402 plenum
1928 1364 2042 1403 Justitie
2064 1365 2314 1402 complementum
2330 1376 2381 1397 ex-

1320 1403 1494 1442 hibendum,
1517 1406 1626 1435 Dantes
1638 1406 1721 1434 vobis
1736 1406 1770 1435 &
1797 1403 1965 1441 quibussibet
1979 1404 2103 1442 quinque
2124 1404 2169 1434 vel
2190 1405 2313 1441 pluribus
2332 1416 2383 1435 ve-

1318 1442 1424 1480 strum,
1444 1444 1523 1480 quod
1541 1443 1559 1473 si
1577 1454 1643 1481 quas
1659 1442 1850 1473 Coloniarum
1865 1441 2056 1479 predictarum
2080 1441 2126 1472 vel
2146 1443 2270 1482 aliquem
2286 1443 2385 1475 Prefe-

1333 1480 1432 1510 torum
1447 1491 1565 1520 eorum,
1585 1483 1715 1513 Ditiones
1727 1482 1827 1511 alienas
1844 1480 1946 1518 injuste
1961 1480 2147 1518 poffidendo,
2161 1482 2206 1512 vel
2218 1481 2383 1520 usurpando

1319 1520 1365 1548 vel
1388 1520 1515 1550 invicem
1541 1522 1638 1558 ieiptos
1658 1519 1821 1559 gravandO,
1842 1519 1888 1549 seu
1910 1519 2007 1549 Nobis
2030 1518 2162 1550 Rebelles
2178 1520 2192 1550 a
2208 1519 2262 1551 fide
2285 1519 2380 1552 nostra

1318 1558 1526 1597 subtrahendo,
1545 1570 1589 1589 aut
1607 1558 1751 1590 Mandatis
1766 1558 1868 1588 nostris
1882 1567 1942 1588 non
1956 1559 2189 1595 obtemperantes
2204 1559 2380 1598 inveneritis,

1319 1597 1420 1639 Nobis
1441 1599 1515 1634 prius
1535 1600 1565 1628 in
1587 1599 1640 1628 hac
1658 1605 1735 1634 parte
1751 1597 1883 1627 consultis
1890 1618 1899 1633 ,
1924 1595 2061 1626 Colonias
2078 1596 2244 1627 hu'usmodi
2259 1598 2293 1629 &
2312 1598 2381 1629 Pre-

1316 1636 1408 1666 festos
1423 1646 1525 1665 eorum
1541 1638 1581 1666 ob
1597 1637 1689 1666 causas
1705 1635 1861 1673 predisEtas,
1880 1634 1924 1665 vel
1937 1635 1997 1664 aliis
2009 1634 2091 1672 justis
2126 1644 2142 1664 e
2162 1636 2264 1673 causis,
2283 1637 2328 1667 vel
2346 1637 2380 1667 in

1317 1674 1453 1711 Angliam
1474 1676 1566 1704 redire
1579 1698 1588 1713 ,
1615 1684 1661 1706 aut
1681 1676 1715 1705 ad
1731 1674 1779 1703 alia
1795 1674 1860 1704 loca
1875 1673 2048 1710 designanda
2066 1672 2205 1703 divertere
2227 1674 2380 1712 mandare,

1315 1722 1402 1756 prout
1416 1713 1572 1755 secundum
1591 1712 1666 1744 sanas
1680 1713 1862 1744 discretiones
1875 1711 1978 1743 vestras
1990 1721 2096 1752 equum
2108 1733 2118 1750 ,
2131 1711 2240 1750 justum
2261 1713 2307 1744 vel
2325 1723 2381 1744 ne-

1316 1752 1467 1782 celiarium
1484 1753 1632 1784 videbitur.

1354 1790 1468 1821 Damus
1491 1791 1602 1830 insuper
1624 1792 1708 1822 vobis
1729 1791 1763 1823 &
1787 1789 1956 1830 quibussibet
1969 1789 2111 1829 Qinque
2124 1789 2171 1820 vel
2185 1789 2314 1827 pluribus
2327 1800 2379 1822 ve-

1315 1828 1423 1868 strum,
1443 1830 1611 1868 potestatem
1625 1832 1658 1863 &
1676 1831 1842 1861 mandatum
1855 1829 1989 1867 speciale,
2014 1828 2049 1859 ad
2064 1829 2166 1859 omnia
2190 1828 2306 1868 Carras,
2325 1830 2380 1860 Li-

1315 1877 1386 1899 teras
1406 1869 1539 1901 Parentes
1562 1870 1595 1901 &
1617 1869 1765 1906 Rescripta
1791 1867 1895 1908 Regia,
1920 1867 1956 1898 de
1977 1866 2179 1906 Regionibus,
2198 1866 2380 1908 Provinciis,

1314 1907 1413 1938 Infulis
1428 1908 1473 1938 vel
1489 1908 1589 1938 Terris
1601 1909 1629 1938 in
1644 1909 1770 1948 partibus
1784 1905 1893 1937 Exteris
1917 1905 2056 1937 Colonias
2076 1905 2283 1937 deducentibus
2305 1916 2383 1938 con-

1312 1947 1406 1984 cessa,
1425 1947 1509 1977 vobis
1522 1947 1590 1977 duci
1605 1947 1746 1985 faciendi,
1765 1947 1850 1984 iisque
1863 1944 2011 1982 inspeetis,
2030 1945 2049 1974 si
2064 1954 2119 1983 que
2133 1954 2233 1974 eorum
2247 1945 2382 1984 surrepti-

1314 1987 1352 2017 νὲ
1367 1987 1412 2017 vel
1424 1986 1554 2018 indebite
1565 1986 1700 2023 obtenta,
1718 1985 1763 2016 vel
1778 1994 1827 2023 per
1843 1984 1944 2015 eadem
1954 1983 2141 2022 ,Privilegia,
2157 1982 2316 2015 Libertates
2332 1983 2381 2015 vel

1312 2024 1496 2064 Prerogativa
1511 2023 1608 2055 Nobis
1620 2025 1654 2056 &
1669 2024 1791 2055 Corone
1803 2023 1898 2054 nostre
1907 2045 1918 2060 ,
1942 2021 1986 2053 vel
2003 2021 2184 2061 Principibus
2198 2021 2309 2053 Exteris
2324 2032 2382 2054 no-

1314 2065 1380 2096 civa
1397 2067 1431 2098 &
1446 2063 1654 2102 prejudicialia,
1673 2063 1780 2094 indulta
1801 2062 1847 2093 vel
1867 2060 2001 2093 concessa
2019 2060 2120 2100 fuisse,
2144 2061 2229 2091 vobis
2250 2062 2378 2100 quinque

1312 2103 1358 2136 vel
1372 2103 1499 2140 pluribus
1516 2101 1639 2133 vestrum
1656 2102 1828 2139 innotescat,
1842 2110 1891 2139 ea,
1910 2099 2066 2131 secundum
2078 2099 2190 2138 Legem
2204 2099 2238 2130 &
2256 2100 2379 2132 consue-

1312 2142 1445 2174 tudinem
1460 2141 1556 2180 Regni
1572 2139 1663 2171 nostri
1678 2140 1783 2178 Anglie
1806 2139 1935 2171 revocari
1946 2139 2067 2176 jubere,
2093 2146 2189 2170 cetera
2209 2147 2244 2169 ue
2258 2139 2378 2178 agendi,

1310 2191 1379 2220 quae
1393 2181 1428 2216 ad
1443 2179 1587 2219 Regimen
1602 2179 1714 2210 salutare
1731 2181 1763 2210 ὃ(
1777 2187 1905 2210 tutamen
1921 2176 2112 2208 Coloniarum
2135 2186 2185 2215 pre
2207 2177 2328 2208 istarum
2341 2179 2377 2210 δε

1312 2219 1501 2251 Subditorum
1515 2218 1681 2249 nostrorum
1697 2219 1727 2248 in
1750 2217 1854 2248 eisdem
1878 2215 2061 2247 residentium
2081 2214 2186 2245 fuerint
2208 2215 2379 2256 necessaria,

1311 2258 1349 2290 Et
1365 2259 1431 2290 ideo
1446 2258 1528 2288 vobis
1543 2257 1712 2287 mandamus
1749 2256 1806 2286 uod
1825 2257 1904 2286 circa
1926 2254 2079 2291 Premissa,
2105 2254 2140 2284 ad
2164 2253 2234 2285 Dies
2255 2253 2289 2284 &
2311 2253 2379 2287 loca

1309 2307 1366 2335 que
1381 2297 1415 2328 ad
1433 2298 1491 2328 hoc
1507 2294 1708 2334 provideretis,
1748 2295 1877 2331 iligenter
1893 2293 1947 2324 fitis
1970 2292 2148 2324 intendentes
2169 2300 2256 2330 prout
2276 2291 2378 2332 decet,

1311 2336 1506 2374 Precipiendo
1526 2336 1614 2365 etiam
1637 2336 1671 2366 ὃς
1692 2333 1809 2364 firmiter
1832 2331 2010 2370 injungendo
2025 2354 2035 2370 ,
2059 2332 2158 2361 damus
2178 2331 2208 2361 in
2232 2329 2380 2362 Mandatis

1310 2377 1446 2405 omnibus
1461 2376 1493 2406 ὃς
1509 2374 1623 2410 singulis
1640 2372 1774 2403 Prefedtis
1789 2371 2026 2413 Provinciarum,
2045 2370 2074 2400 in
2088 2379 2154 2408 quas
2169 2368 2302 2400 Colonie
2309 2379 2375 2408 pre-

1307 2414 1385 2445 diste
1400 2413 1524 2444 deducte
1538 2412 1590 2442 iint
1604 2412 1650 2442 vel
1665 2411 1788 2447 fuerint,
1800 2412 1833 2442 ὃς
1848 2408 1969 2448 Singulis
1985 2408 2021 2438 de
2037 2407 2172 2438 Coloniis
2185 2408 2248 2445 ipsis
2264 2409 2297 2440 &
2312 2408 2374 2439 aliis

1306 2463 1433 2493 quorum
1450 2453 1479 2482 iti
1497 2452 1549 2481 hac
1565 2459 1642 2488 parte
1657 2448 1773 2480 interest
1785 2471 1795 2486 ,
1814 2448 1893 2486 quod
1907 2448 1990 2478 vobis
2006 2447 2037 2476 iri
2055 2445 2192 2483 premiffis
2209 2447 2260 2477 sint
2276 2447 2373 2478 inten-

1306 2495 1423 2529 dentes,
1443 2488 1644 2526 Mandatisque
1661 2487 1758 2518 vestris
1773 2488 1801 2516 in
1816 2486 1921 2516 eisdem
1936 2487 2168 2522 obtemperantes
2183 2485 2216 2515 ὅ(
2235 2484 2376 2516 obedien·

1306 2540 1346 2562 tes
1359 2531 1472 2569 quoties
1481 2529 1520 2572 ¹&
1537 2537 1619 2566 prout
1634 2537 1668 2559 ex
1683 2535 1762 2566 parte
1780 2524 1870 2557 vestra
1886 2525 1993 2556 fuerint
2016 2523 2156 2564 requisitI,
2173 2523 2224 2555 sub
2246 2524 2375 2564 periculo

1305 2570 1497 2600 incumbenti.

1343 2646 1378 2677 ln
1397 2646 1477 2683 cujus
1493 2645 1550 2682 rei,
1568 2645 1632 2676 &c.

1342 2721 1431 2753 Teste
1449 2720 1531 2760 Rege
1545 2719 1620 2758 apud
1636 2717 1916 2758 Wstmonasterium,
1942 2716 2062 2749 decimo
2085 2716 2132 2747 die
2149 2716 2270 2755 Aprilis.

2059 2802 2113 2830 Per
2130 2800 2213 2841 ipficm
2227 2804 2331 2839 Regem.

1306 2968 1353 3000 De
1379 2961 1579 3006 Commiffione
1596 2959 1720 3007 speciali
1744 2960 1875 2991 Domino
1908 2954 2109 3002 Thefhurario
2139 2958 2176 2995 (ῤ’
2208 2955 2277 2988 aliis
2300 2966 2370 2989 tan-

1354 3024 1443 3061 gente
1464 3010 1625 3055 eAEdificia
1650 3008 1734 3054 infra
1759 3005 1898 3039 London
1924 3008 1955 3039 &
1985 3003 2314 3040 westmonasterium.

2431 805 2479 827 10.

1305 3102 1356 3156 R
1368 3098 1450 3137 EX,
1473 3096 1534 3131 &a
1576 3093 1749 3126 Reverendo
1765 3094 1795 3123 in
1811 3091 1933 3123 Christo
1950 3090 2027 3123 Patri
2051 3100 2084 3122 ac
2099 3089 2255 3130 predsseeto
2278 3089 2311 3120 ὅτ.
2336 3088 2368 3119 fi-
2385 3086 2459 3117 Ann.
2472 3085 2514 3118 D.

1378 3138 1433 3168 deli
1451 3135 1620 3168 Consiliario
1636 3133 1753 3170 nostro,
2412 3127 2497 3164 1636.

1343 3175 1492 3207 ll'tlli'elmo
1515 3174 1539 3204 E
1561 3173 1658 3209 iscopo
1675 3171 1808 3207 Loxdon,
1826 3167 2013 3199 Thesausario
2030 3165 2128 3197 nostro
2144 3164 2263 3204 Anglie‚
2381 3168 2440 3192 Par.
2456 3175 2499 3193 iz.

1343 3216 1389 3258 Ac
1420 3214 1526 3252 perdile
1558 3214 1580 3242 is
1604 3212 1637 3242 &
1663 3209 1790 3240 fidelibus
1815 3206 2042 3243 Consanguineis
2067 3206 2099 3235 &
2126 3204 2298 3235 Consiliatiis
2316 3214 2371 3236 rio-
2383 3208 2482 3231 Car.r.

1305 3252 1464 3321 stris-l’enrico
1477 3291 1575 3319 Comiti
1588 3283 1776 3324 Manchaster,
1796 3281 1903 3312 Privati
1918 3280 2006 3321 Sigilli
2021 3280 2109 3310 nostri
2126 3280 2266 3319 Custodi,
2383 3248 2514 3315 §ovab-

1344 3330 1443 3359 Thome
1467 3331 1564 3358 Comiti
1589 3323 1739 3356 Arundell'
1762 3319 1800 3356 ᾤ’
1825 3320 1903 3351 Surr’
1921 3344 1931 3358 ,
1969 3318 2083 3350 Comiti
2112 3319 2280 3351 Marescano
2306 3323 2371 3351 An—

1323 3368 1356 3397 lie

1302 3380 1321 3408 g
1344 3391 1488 3436 &dwardo
1505 3406 1603 3434 comiti
1618 3398 1805 3438 Dorchestrie,
1823 3397 1948 3435 Hospitii
1971 3395 2122 3427 Consortis
2143 3397 2239 3427 nostre
2260 3396 2373 3435 Regine

1308 3448 1405 3476 Marte
1419 3444 1607 3479 Camerario,
1650 3478 1654 3482 Ι
1802 3474 1807 3481 ·
1981 3473 1985 3478 ,
2021 3474 2036 3479 ..

1348 3485 1392 3513 Ac
1409 3483 1494 3512 ctiam
1512 3478 1669 3518 perdileetis
1685 3477 1717 3506 &
1733 3474 1861 3504 fidelibus
1877 3471 2051 3503 Consiliariis
2073 3473 2191 3511 nostris,

1346 3519 1487 3558 Francifio
1508 3521 1621 3548 Domino
1641 3517 1799 3550 Conington
1820 3536 1829 3551 ,
1866 3512 2008 3542 Scaccir'ii
2034 3511 2121 3541 nostri
2137 3510 2318 3542 Cancellario
2336 3513 2371 3543 <Sc

1308 3559 1556 3596 Subthesauraiio,
1575 3566 1607 3586 ac
1628 3552 1772 3592 Magistro
1792 3549 1881 3581 Curie
1900 3549 1997 3580 nostre
2015 3550 2196 3581 Wardorum
2223 3551 2255 3581 ὅ(
2282 3550 2373 3580 Libe-

1306 3606 1469 3665 ratssenpurtgitig
1481 3637 1554 3663 Vane
1572 3630 1678 3666 Militi,
1696 3627 1822 3665 Hospitii
1837 3627 1927 3657 nostri
1943 3625 2225 3663 Controrotulatori,

1351 3676 1367 3692 ¹*
1391 3672 1520 3712 Johanni
1535 3670 1604 3700 coke
1620 3667 1729 3704 Militi,
1740 3666 1967 3696 Secretariorum
1984 3665 2149 3695 nostrorum
2166 3664 2368 3701 primariorum
2380 3673 2396 3690 ο
2429 3672 2496 3701 χχ.

1331 3723 1359 3742 ni

1310 3725 1329 3744 u
1348 3735 1487 3786 F’rancifio
1506 3744 1688 3775 Windehanke
1704 3742 1810 3781 Militi,
1828 3741 2054 3772 Secretariorutn
2074 3738 2240 3770 nostrorum
2263 3741 2369 3779 prima-

1309 3791 1416 3821 riorum
1432 3786 1526 3821 alteri,

1353 3825 1528 3860 Dileetii'quc
1547 3823 1579 3854 &
1598 3820 1725 3852 fidelibus
1741 3819 1844 3850 nostris

1351 3862 1499 3896 u'illielrtzo
1516 3860 1644 3890 Howard
1663 3859 1763 3895 Militi,

1379 3902 1479 3931 ohamn'
1496 3900 1590 3928 Banks
1607 3897 1712 3931 Militi,
1732 3898 1884 3926 Attornato
1902 3891 2001 3923 nostro
2026 3891 2162 3922 Generali
2173 3914 2182 3929 ,

1381 3939 1498 3969 dwardo
1516 3936 1657 3966 Littleton
1672 3934 1780 3970 Militi,
1806 3931 1981 3961 Solicitatori
2000 3929 2098 3960 nostro
2112 3930 2246 3961 Generali
2258 3954 2268 3970 ,

1351 3981 1470 4010 Henrico
1485 3974 1583 4016 prller
1599 3973 1709 4010 Militi,
1727 3981 1760 4002 ac
1785 3970 1893 4001 dileeto
1910 3968 2026 4006 Nobis,
2271 4005 2380 4045 Igna-fi,

2423 3720 2466 3738 11.
