<?xml version="1.0" encoding="UTF-8"?>
<!DOCTYPE html PUBLIC "-//W3C//DTD XHTML 1.0 Transitional//EN"
    "http://www.w3.org/TR/xhtml1/DTD/xhtml1-transitional.dtd">
<html xmlns="http://www.w3.org/1999/xhtml" xml:lang="en" lang="en">
 <head>
  <title>
</title>
<meta http-equiv="Content-Type" content="text/html;charset=utf-8" />
  <meta name='ocr-system' content='tesseract 3.04.00' />
  <meta name='ocr-capabilities' content='ocr_page ocr_carea ocr_par ocr_line ocrx_word'/>
</head>
<body>
  <div class='ocr_page' id='page_1' title='image "./fderaconventione09ryme/fderaconventione09ryme_0676.png"; bbox 0 0 2561 4263; ppageno 0'>
   <div class='ocr_carea' id='block_1_1' title="bbox 192 168 242 205">
    <p class='ocr_par' dir='ltr' id='par_1_1' title="bbox 192 168 242 205">
     <span class='ocr_line' id='line_1_1' title="bbox 192 168 242 205; baseline 0 0"><span class='ocrx_word' id='word_1_1' title='bbox 192 168 242 205; x_wconf 91' lang='lat'>16</span> 
     </span>
    </p>
   </div>
   <div class='ocr_carea' id='block_1_2' title="bbox 192 235 1264 1750">
    <p class='ocr_par' dir='ltr' id='par_1_2' title="bbox 192 235 1262 1241">
     <span class='ocr_line' id='line_1_2' title="bbox 194 235 1252 288; baseline -0.009 -14"><span class='ocrx_word' id='word_1_2' title='bbox 194 259 241 281; x_wconf 72' lang='lat' dir='ltr'>ces</span> <span class='ocrx_word' id='word_1_3' title='bbox 276 257 341 288; x_wconf 67' lang='lat' dir='ltr'>quae</span> <span class='ocrx_word' id='word_1_4' title='bbox 359 250 395 280; x_wconf 74' lang='lat' dir='ltr'>,b</span> <span class='ocrx_word' id='word_1_5' title='bbox 405 249 443 278; x_wconf 61' lang='grc' dir='ltr'>εἰς</span> <span class='ocrx_word' id='word_1_6' title='bbox 454 270 462 285; x_wconf 68' lang='grc'>,</span> <span class='ocrx_word' id='word_1_7' title='bbox 480 245 525 276; x_wconf 68' lang='lat' dir='ltr'>vel</span> <span class='ocrx_word' id='word_1_8' title='bbox 536 245 595 283; x_wconf 81' lang='lat' dir='ltr'>jam</span> <span class='ocrx_word' id='word_1_9' title='bbox 613 240 769 277; x_wconf 73' lang='lat' dir='ltr'>impositce,</span> <span class='ocrx_word' id='word_1_10' title='bbox 788 238 833 268; x_wconf 90' lang='lat' dir='ltr'>vel</span> <span class='ocrx_word' id='word_1_11' title='bbox 850 237 943 267; x_wconf 87' lang='lat' dir='ltr'>statim</span> <span class='ocrx_word' id='word_1_12' title='bbox 960 236 1146 274; x_wconf 82' lang='lat' dir='ltr'>imponendae</span> <span class='ocrx_word' id='word_1_13' title='bbox 1162 235 1252 266; x_wconf 80' lang='lat' dir='ltr'>essent</span> 
     </span>
     <span class='ocr_line' id='line_1_3' title="bbox 194 273 1252 323; baseline -0.014 -5"><span class='ocrx_word' id='word_1_14' title='bbox 194 290 223 319; x_wconf 86' lang='lat' dir='ltr'>in</span> <span class='ocrx_word' id='word_1_15' title='bbox 240 273 299 319; x_wconf 77' lang='lat' dir='ltr'>suas</span> <span class='ocrx_word' id='word_1_16' title='bbox 317 298 419 323; x_wconf 84' lang='lat' dir='ltr'>naves,</span> <span class='ocrx_word' id='word_1_17' title='bbox 438 287 525 315; x_wconf 79' lang='lat' dir='ltr'>libere</span> <span class='ocrx_word' id='word_1_18' title='bbox 540 281 681 318; x_wconf 79' lang='lat' dir='ltr'>potuerint</span> <span class='ocrx_word' id='word_1_19' title='bbox 694 286 858 317; x_wconf 75' lang='lat' dir='ltr'>exportare3</span> <span class='ocrx_word' id='word_1_20' title='bbox 875 279 922 306; x_wconf 90' lang='lat' dir='ltr'>cui</span> <span class='ocrx_word' id='word_1_21' title='bbox 938 276 1071 319; x_wconf 82' lang='lat' dir='ltr'>petitioni</span> <span class='ocrx_word' id='word_1_22' title='bbox 1082 275 1160 318; x_wconf 58' lang='lat' dir='ltr'>&gt;haud</span> <span class='ocrx_word' id='word_1_23' title='bbox 1176 274 1252 318; x_wconf 76' lang='lat' dir='ltr'>diffi-</span> 
     </span>
     <span class='ocr_line' id='line_1_4' title="bbox 192 314 1254 358; baseline -0.014 -1"><span class='ocrx_word' id='word_1_24' title='bbox 192 327 284 358; x_wconf 88' lang='lat' dir='ltr'>culter</span> <span class='ocrx_word' id='word_1_25' title='bbox 307 337 359 358; x_wconf 89' lang='lat' dir='ltr'>nos</span> <span class='ocrx_word' id='word_1_26' title='bbox 378 325 510 356; x_wconf 63' lang='lat' dir='ltr'>assentiret:</span> <span class='ocrx_word' id='word_1_27' title='bbox 530 321 633 349; x_wconf 87' lang='lat' dir='ltr'>sumus.</span> <span class='ocrx_word' id='word_1_28' title='bbox 662 316 707 346; x_wconf 87' lang='lat' dir='ltr'>Ad</span> <span class='ocrx_word' id='word_1_29' title='bbox 722 324 900 358; x_wconf 75' lang='lat' dir='ltr'>exrrempm,</span> <span class='ocrx_word' id='word_1_30' title='bbox 919 314 1130 344; x_wconf 87' lang='lat' dir='ltr'>nihilomnino</span> <span class='ocrx_word' id='word_1_31' title='bbox 1145 315 1254 357; x_wconf 83' lang='lat' dir='ltr'>audivi—</span> 
     </span>
     <span class='ocr_line' id='line_1_5' title="bbox 196 351 1254 396; baseline -0.015 1"><span class='ocrx_word' id='word_1_32' title='bbox 196 376 261 396; x_wconf 89' lang='lat' dir='ltr'>mus</span> <span class='ocrx_word' id='word_1_33' title='bbox 275 366 311 396; x_wconf 92' lang='lat' dir='ltr'>de</span> <span class='ocrx_word' id='word_1_34' title='bbox 328 364 387 395; x_wconf 88' lang='lat' dir='ltr'>ullis</span> <span class='ocrx_word' id='word_1_35' title='bbox 402 358 605 392; x_wconf 67' lang='lat' dir='ltr'>Commisssriis</span> <span class='ocrx_word' id='word_1_36' title='bbox 626 356 674 391; x_wconf 86' lang='lat' dir='ltr'>qui</span> <span class='ocrx_word' id='word_1_37' title='bbox 696 355 754 384; x_wconf 89' lang='lat' dir='ltr'>huc</span> <span class='ocrx_word' id='word_1_38' title='bbox 771 362 918 389; x_wconf 87' lang='lat' dir='ltr'>venirent,</span> <span class='ocrx_word' id='word_1_39' title='bbox 938 353 982 382; x_wconf 85' lang='lat' dir='ltr'>vel</span> <span class='ocrx_word' id='word_1_40' title='bbox 999 351 1165 382; x_wconf 88' lang='lat' dir='ltr'>celebrandi</span> <span class='ocrx_word' id='word_1_41' title='bbox 1181 361 1254 382; x_wconf 91' lang='lat' dir='ltr'>con-</span> 
     </span>
     <span class='ocr_line' id='line_1_6' title="bbox 193 390 1257 435; baseline -0.012 -4"><span class='ocrx_word' id='word_1_42' title='bbox 193 404 298 435; x_wconf 70' lang='lat' dir='ltr'>ventfis</span> <span class='ocrx_word' id='word_1_43' title='bbox 319 401 400 434; x_wconf 63' lang='lat' dir='ltr'>causa</span> <span class='ocrx_word' id='word_1_44' title='bbox 449 399 493 428; x_wconf 90' lang='lat' dir='ltr'>vel</span> <span class='ocrx_word' id='word_1_45' title='bbox 510 396 604 426; x_wconf 74' lang='lat' dir='ltr'>saltem</span> <span class='ocrx_word' id='word_1_46' title='bbox 624 392 762 429; x_wconf 71' lang='lat' dir='ltr'>allegandi</span> <span class='ocrx_word' id='word_1_47' title='bbox 781 391 920 430; x_wconf 81' lang='lat' dir='ltr'>angustias</span> <span class='ocrx_word' id='word_1_48' title='bbox 940 392 1086 428; x_wconf 70' lang='lat' dir='ltr'>temporis.</span> <span class='ocrx_word' id='word_1_49' title='bbox 1122 390 1201 426; x_wconf 83' lang='lat' dir='ltr'>Quae</span> <span class='ocrx_word' id='word_1_50' title='bbox 1215 399 1257 419; x_wconf 88' lang='lat' dir='ltr'>res</span> 
     </span>
     <span class='ocr_line' id='line_1_7' title="bbox 194 424 1258 482; baseline -0.013 -11"><span class='ocrx_word' id='word_1_51' title='bbox 194 452 330 482; x_wconf 81' lang='lat' dir='ltr'>magnam</span> <span class='ocrx_word' id='word_1_52' title='bbox 345 424 427 471; x_wconf 66' lang='lat' dir='ltr'>nobi}</span> <span class='ocrx_word' id='word_1_53' title='bbox 441 435 531 466; x_wconf 84' lang='lat' dir='ltr'>attulit</span> <span class='ocrx_word' id='word_1_54' title='bbox 546 433 782 466; x_wconf 74' lang='lat' dir='ltr'>admirationem,</span> <span class='ocrx_word' id='word_1_55' title='bbox 799 430 833 460; x_wconf 92' lang='lat'>&amp;</span> <span class='ocrx_word' id='word_1_56' title='bbox 847 432 884 459; x_wconf 79' lang='lat' dir='ltr'>eo</span> <span class='ocrx_word' id='word_1_57' title='bbox 904 429 964 459; x_wconf 88' lang='lat' dir='ltr'>sane</span> <span class='ocrx_word' id='word_1_58' title='bbox 981 429 1119 466; x_wconf 80' lang='lat' dir='ltr'>majorem</span> <span class='ocrx_word' id='word_1_59' title='bbox 1130 452 1140 467; x_wconf 84' lang='lat'>‚</span> <span class='ocrx_word' id='word_1_60' title='bbox 1157 428 1236 465; x_wconf 88' lang='lat' dir='ltr'>quod</span> <span class='ocrx_word' id='word_1_61' title='bbox 1248 452 1258 465; x_wconf 81' lang='lat'>,</span> 
     </span>
     <span class='ocr_line' id='line_1_8' title="bbox 199 467 1258 512; baseline -0.014 -1"><span class='ocrx_word' id='word_1_62' title='bbox 199 482 270 512; x_wconf 72' lang='lat' dir='ltr'>esim</span> <span class='ocrx_word' id='word_1_63' title='bbox 294 490 346 510; x_wconf 79' lang='lat' dir='ltr'>nos</span> <span class='ocrx_word' id='word_1_64' title='bbox 367 476 435 507; x_wconf 86' lang='lat' dir='ltr'>nihil</span> <span class='ocrx_word' id='word_1_65' title='bbox 451 475 570 503; x_wconf 79' lang='lat' dir='ltr'><strong>fecimus</strong></span> <span class='ocrx_word' id='word_1_66' title='bbox 593 480 685 508; x_wconf 82' lang='lat' dir='ltr'>neque</span> <span class='ocrx_word' id='word_1_67' title='bbox 707 470 741 499; x_wconf 89' lang='lat' dir='ltr'>ad</span> <span class='ocrx_word' id='word_1_68' title='bbox 757 468 880 498; x_wconf 87' lang='lat' dir='ltr'>vestram</span> <span class='ocrx_word' id='word_1_69' title='bbox 896 491 905 503; x_wconf 79' lang='lat'>,</span> <span class='ocrx_word' id='word_1_70' title='bbox 933 477 1026 506; x_wconf 87' lang='lat' dir='ltr'>neque</span> <span class='ocrx_word' id='word_1_71' title='bbox 1040 467 1073 497; x_wconf 89' lang='lat' dir='ltr'>ad</span> <span class='ocrx_word' id='word_1_72' title='bbox 1091 467 1209 505; x_wconf 87' lang='lat' dir='ltr'>Regum</span> <span class='ocrx_word' id='word_1_73' title='bbox 1224 467 1258 497; x_wconf 87' lang='lat'>&amp;</span> 
     </span>
     <span class='ocr_line' id='line_1_9' title="bbox 197 506 1258 550; baseline -0.015 0"><span class='ocrx_word' id='word_1_74' title='bbox 197 519 365 550; x_wconf 76' lang='lat' dir='ltr'>Principum</span> <span class='ocrx_word' id='word_1_75' title='bbox 383 513 542 544; x_wconf 83' lang='lat' dir='ltr'>vestrorum</span> <span class='ocrx_word' id='word_1_76' title='bbox 559 510 691 547; x_wconf 84' lang='lat' dir='ltr'>injuriam</span> <span class='ocrx_word' id='word_1_77' title='bbox 709 508 752 537; x_wconf 91' lang='lat' dir='ltr'>vel</span> <span class='ocrx_word' id='word_1_78' title='bbox 769 507 997 544; x_wconf 87' lang='lat' dir='ltr'>contumeliam,</span> <span class='ocrx_word' id='word_1_79' title='bbox 1017 515 1112 537; x_wconf 85' lang='lat' dir='ltr'>tamen</span> <span class='ocrx_word' id='word_1_80' title='bbox 1135 506 1258 535; x_wconf 85' lang='lat' dir='ltr'>nonnul-</span> 
     </span>
     <span class='ocr_line' id='line_1_10' title="bbox 199 546 1258 590; baseline -0.014 -2"><span class='ocrx_word' id='word_1_81' title='bbox 199 558 219 588; x_wconf 82' lang='lat' dir='ltr'>li</span> <span class='ocrx_word' id='word_1_82' title='bbox 237 567 271 587; x_wconf 81' lang='lat' dir='ltr'>ex</span> <span class='ocrx_word' id='word_1_83' title='bbox 291 548 386 590; x_wconf 51' lang='lat' dir='ltr'>Gobis,</span> <span class='ocrx_word' id='word_1_84' title='bbox 403 550 554 587; x_wconf 83' lang='lat' dir='ltr'>quomodo</span> <span class='ocrx_word' id='word_1_85' title='bbox 569 549 703 578; x_wconf 79' lang='lat' dir='ltr'>certiores</span> <span class='ocrx_word' id='word_1_86' title='bbox 717 546 802 576; x_wconf 59' lang='lat' dir='ltr'>facte</span> <span class='ocrx_word' id='word_1_87' title='bbox 818 546 927 582; x_wconf 83' lang='lat' dir='ltr'>sumus,</span> <span class='ocrx_word' id='word_1_88' title='bbox 948 555 999 575; x_wconf 87' lang='lat' dir='ltr'>nos</span> <span class='ocrx_word' id='word_1_89' title='bbox 1014 546 1185 582; x_wconf 60' lang='lat' dir='ltr'>traciarum,</span> <span class='ocrx_word' id='word_1_90' title='bbox 1203 554 1258 574; x_wconf 84' lang='lat' dir='ltr'>no-</span> 
     </span>
     <span class='ocr_line' id='line_1_11' title="bbox 200 582 1257 631; baseline -0.012 -7"><span class='ocrx_word' id='word_1_91' title='bbox 200 596 324 631; x_wconf 84' lang='lat' dir='ltr'>strosque</span> <span class='ocrx_word' id='word_1_92' title='bbox 341 591 475 621; x_wconf 83' lang='lat' dir='ltr'>Subditos</span> <span class='ocrx_word' id='word_1_93' title='bbox 489 614 497 626; x_wconf 74' lang='lat'>,</span> <span class='ocrx_word' id='word_1_94' title='bbox 519 596 619 618; x_wconf 89' lang='lat' dir='ltr'>contra</span> <span class='ocrx_word' id='word_1_95' title='bbox 640 595 760 614; x_wconf 88' lang='lat' dir='ltr'>omnem</span> <span class='ocrx_word' id='word_1_96' title='bbox 781 585 991 614; x_wconf 79' lang='lat' dir='ltr'>humanitatem</span> <span class='ocrx_word' id='word_1_97' title='bbox 1016 585 1050 615; x_wconf 68' lang='grc' dir='ltr'>ὃς</span> <span class='ocrx_word' id='word_1_98' title='bbox 1066 582 1257 613; x_wconf 84' lang='lat' dir='ltr'>Christianam</span> 
     </span>
     <span class='ocr_line' id='line_1_12' title="bbox 196 621 1259 665; baseline -0.011 -1"><span class='ocrx_word' id='word_1_99' title='bbox 196 636 279 664; x_wconf 74' lang='lat' dir='ltr'>etiam</span> <span class='ocrx_word' id='word_1_100' title='bbox 297 630 468 660; x_wconf 84' lang='lat' dir='ltr'>Charitatem</span> <span class='ocrx_word' id='word_1_101' title='bbox 484 649 494 665; x_wconf 89' lang='lat'>,</span> <span class='ocrx_word' id='word_1_102' title='bbox 519 636 578 656; x_wconf 90' lang='lat' dir='ltr'>non</span> <span class='ocrx_word' id='word_1_103' title='bbox 598 624 691 654; x_wconf 75' lang='lat' dir='ltr'>solum</span> <span class='ocrx_word' id='word_1_104' title='bbox 713 623 872 653; x_wconf 76' lang='lat' dir='ltr'>detinentes</span> <span class='ocrx_word' id='word_1_105' title='bbox 895 622 965 652; x_wconf 89' lang='lat' dir='ltr'>illud</span> <span class='ocrx_word' id='word_1_106' title='bbox 982 622 1159 653; x_wconf 91' lang='lat' dir='ltr'>frumentum</span> <span class='ocrx_word' id='word_1_107' title='bbox 1179 621 1259 658; x_wconf 80' lang='lat' dir='ltr'>quod</span> 
     </span>
     <span class='ocr_line' id='line_1_13' title="bbox 197 660 1260 712; baseline -0.011 -11"><span class='ocrx_word' id='word_1_108' title='bbox 197 669 368 712; x_wconf 84' lang='lat' dir='ltr'>promissiim</span> <span class='ocrx_word' id='word_1_109' title='bbox 392 667 446 696; x_wconf 82' lang='lat' dir='ltr'>fuit</span> <span class='ocrx_word' id='word_1_110' title='bbox 466 666 499 695; x_wconf 92' lang='lat' dir='ltr'>ad</span> <span class='ocrx_word' id='word_1_111' title='bbox 526 665 606 695; x_wconf 83' lang='lat' dir='ltr'>usum</span> <span class='ocrx_word' id='word_1_112' title='bbox 623 663 709 693; x_wconf 76' lang='lat' dir='ltr'>nostri</span> <span class='ocrx_word' id='word_1_113' title='bbox 727 662 821 700; x_wconf 78' lang='lat' dir='ltr'>Regni</span> <span class='ocrx_word' id='word_1_114' title='bbox 837 662 864 691; x_wconf 88' lang='lat' dir='ltr'>in</span> <span class='ocrx_word' id='word_1_115' title='bbox 880 661 925 691; x_wconf 74' lang='lat' dir='ltr'>ilia</span> <span class='ocrx_word' id='word_1_116' title='bbox 941 660 1109 691; x_wconf 88' lang='lat' dir='ltr'>difficultate</span> <span class='ocrx_word' id='word_1_117' title='bbox 1121 670 1260 696; x_wconf 85' lang='lat' dir='ltr'>annonae,</span> 
     </span>
     <span class='ocr_line' id='line_1_14' title="bbox 198 699 1259 748; baseline -0.01 -9"><span class='ocrx_word' id='word_1_118' title='bbox 198 710 331 748; x_wconf 77' lang='lat' dir='ltr'>proximo</span> <span class='ocrx_word' id='word_1_119' title='bbox 352 706 488 744; x_wconf 77' lang='lat' dir='ltr'>superiori</span> <span class='ocrx_word' id='word_1_120' title='bbox 509 712 587 733; x_wconf 84' lang='lat' dir='ltr'>anno</span> <span class='ocrx_word' id='word_1_121' title='bbox 601 724 610 739; x_wconf 88' lang='lat'>,</span> <span class='ocrx_word' id='word_1_122' title='bbox 628 701 729 732; x_wconf 83' lang='lat' dir='ltr'>verum</span> <span class='ocrx_word' id='word_1_123' title='bbox 742 702 826 730; x_wconf 88' lang='lat' dir='ltr'>etiam</span> <span class='ocrx_word' id='word_1_124' title='bbox 842 699 1003 730; x_wconf 83' lang='lat' dir='ltr'>inhibentes</span> <span class='ocrx_word' id='word_1_125' title='bbox 1018 701 1118 730; x_wconf 87' lang='lat' dir='ltr'>ceteris</span> <span class='ocrx_word' id='word_1_126' title='bbox 1132 700 1259 729; x_wconf 89' lang='lat' dir='ltr'>nationi-</span> 
     </span>
     <span class='ocr_line' id='line_1_15' title="bbox 197 738 1260 783; baseline -0.01 -6"><span class='ocrx_word' id='word_1_127' title='bbox 197 750 250 779; x_wconf 83' lang='lat' dir='ltr'>bus</span> <span class='ocrx_word' id='word_1_128' title='bbox 263 745 336 783; x_wconf 87' lang='lat' dir='ltr'>apud</span> <span class='ocrx_word' id='word_1_129' title='bbox 351 754 402 774; x_wconf 83' lang='lat' dir='ltr'>vos</span> <span class='ocrx_word' id='word_1_130' title='bbox 415 742 648 779; x_wconf 86' lang='lat' dir='ltr'>negotiantibus,</span> <span class='ocrx_word' id='word_1_131' title='bbox 666 750 702 770; x_wconf 91' lang='lat' dir='ltr'>ne</span> <span class='ocrx_word' id='word_1_132' title='bbox 718 739 902 778; x_wconf 65' lang='lat' dir='ltr'>importarent</span> <span class='ocrx_word' id='word_1_133' title='bbox 926 738 993 768; x_wconf 91' lang='lat' dir='ltr'>ullas</span> <span class='ocrx_word' id='word_1_134' title='bbox 1006 738 1108 768; x_wconf 87' lang='lat' dir='ltr'>vestras</span> <span class='ocrx_word' id='word_1_135' title='bbox 1123 746 1260 767; x_wconf 84' lang='lat' dir='ltr'>commo-</span> 
     </span>
     <span class='ocr_line' id='line_1_16' title="bbox 197 775 1259 817; baseline -0.011 0"><span class='ocrx_word' id='word_1_136' title='bbox 197 787 297 817; x_wconf 75' lang='lat' dir='ltr'>ditates</span> <span class='ocrx_word' id='word_1_137' title='bbox 310 785 339 814; x_wconf 91' lang='lat' dir='ltr'>iri</span> <span class='ocrx_word' id='word_1_138' title='bbox 362 782 491 812; x_wconf 82' lang='lat' dir='ltr'>nostrum</span> <span class='ocrx_word' id='word_1_139' title='bbox 513 780 651 811; x_wconf 63' lang='lat' dir='ltr'>Remum</span> <span class='ocrx_word' id='word_1_140' title='bbox 666 801 674 814; x_wconf 86' lang='lat'>,</span> <span class='ocrx_word' id='word_1_141' title='bbox 693 786 738 808; x_wconf 85' lang='lat' dir='ltr'>aut</span> <span class='ocrx_word' id='word_1_142' title='bbox 754 777 912 808; x_wconf 87' lang='lat' dir='ltr'>venderent</span> <span class='ocrx_word' id='word_1_143' title='bbox 927 777 1027 807; x_wconf 85' lang='lat' dir='ltr'>nostris</span> <span class='ocrx_word' id='word_1_144' title='bbox 1042 777 1177 807; x_wconf 83' lang='lat' dir='ltr'>Subditis.</span> <span class='ocrx_word' id='word_1_145' title='bbox 1205 775 1259 806; x_wconf 87' lang='lat' dir='ltr'>lta-</span> 
     </span>
     <span class='ocr_line' id='line_1_17' title="bbox 197 816 1260 863; baseline -0.008 -9"><span class='ocrx_word' id='word_1_146' title='bbox 197 835 253 863; x_wconf 86' lang='lat' dir='ltr'>que</span> <span class='ocrx_word' id='word_1_147' title='bbox 272 823 290 853; x_wconf 89' lang='lat' dir='ltr'>si</span> <span class='ocrx_word' id='word_1_148' title='bbox 305 822 433 852; x_wconf 86' lang='lat' dir='ltr'>alterutra</span> <span class='ocrx_word' id='word_1_149' title='bbox 451 830 512 857; x_wconf 60' lang='lat' dir='ltr'>pars</span> <span class='ocrx_word' id='word_1_150' title='bbox 526 818 631 856; x_wconf 77' lang='lat' dir='ltr'>justam</span> <span class='ocrx_word' id='word_1_151' title='bbox 647 818 747 847; x_wconf 79' lang='lat' dir='ltr'>habeat</span> <span class='ocrx_word' id='word_1_152' title='bbox 763 816 873 846; x_wconf 88' lang='lat' dir='ltr'>causam</span> <span class='ocrx_word' id='word_1_153' title='bbox 887 816 1032 854; x_wconf 78' lang='lat' dir='ltr'>cogitandi</span> <span class='ocrx_word' id='word_1_154' title='bbox 1046 816 1080 846; x_wconf 89' lang='lat' dir='ltr'>de</span> <span class='ocrx_word' id='word_1_155' title='bbox 1095 816 1152 846; x_wconf 89' lang='lat' dir='ltr'>aliis</span> <span class='ocrx_word' id='word_1_156' title='bbox 1167 823 1260 845; x_wconf 87' lang='lat' dir='ltr'>reme-</span> 
     </span>
     <span class='ocr_line' id='line_1_18' title="bbox 196 853 1258 898; baseline -0.009 -5"><span class='ocrx_word' id='word_1_157' title='bbox 196 864 264 898; x_wconf 81' lang='lat' dir='ltr'>diis,</span> <span class='ocrx_word' id='word_1_158' title='bbox 283 871 342 891; x_wconf 89' lang='lat' dir='ltr'>non</span> <span class='ocrx_word' id='word_1_159' title='bbox 364 870 417 889; x_wconf 92' lang='lat' dir='ltr'>vos</span> <span class='ocrx_word' id='word_1_160' title='bbox 429 882 437 896; x_wconf 91' lang='lat'>,</span> <span class='ocrx_word' id='word_1_161' title='bbox 462 858 509 889; x_wconf 91' lang='lat' dir='ltr'>sed</span> <span class='ocrx_word' id='word_1_162' title='bbox 533 867 584 887; x_wconf 87' lang='lat' dir='ltr'>nos</span> <span class='ocrx_word' id='word_1_163' title='bbox 598 879 607 894; x_wconf 90' lang='lat'>,</span> <span class='ocrx_word' id='word_1_164' title='bbox 631 857 688 886; x_wconf 82' lang='lat' dir='ltr'>hoc</span> <span class='ocrx_word' id='word_1_165' title='bbox 701 856 764 894; x_wconf 89' lang='lat' dir='ltr'>jure</span> <span class='ocrx_word' id='word_1_166' title='bbox 779 856 870 885; x_wconf 76' lang='lat' dir='ltr'>facere</span> <span class='ocrx_word' id='word_1_167' title='bbox 889 856 1035 885; x_wconf 89' lang='lat' dir='ltr'>debemus.</span> <span class='ocrx_word' id='word_1_168' title='bbox 1056 853 1139 884; x_wconf 88' lang='lat' dir='ltr'>Nam</span> <span class='ocrx_word' id='word_1_169' title='bbox 1156 863 1258 891; x_wconf 81' lang='lat' dir='ltr'>praeter</span> 
     </span>
     <span class='ocr_line' id='line_1_19' title="bbox 197 892 1259 933; baseline -0.008 -2"><span class='ocrx_word' id='word_1_170' title='bbox 197 901 324 931; x_wconf 83' lang='lat' dir='ltr'>nostram</span> <span class='ocrx_word' id='word_1_171' title='bbox 347 899 501 928; x_wconf 79' lang='lat' dir='ltr'>amicitiam</span> <span class='ocrx_word' id='word_1_172' title='bbox 519 919 528 933; x_wconf 86' lang='lat'>,</span> <span class='ocrx_word' id='word_1_173' title='bbox 553 906 617 933; x_wconf 76' lang='lat' dir='ltr'>quae</span> <span class='ocrx_word' id='word_1_174' title='bbox 642 896 696 925; x_wconf 82' lang='lat' dir='ltr'>fuit</span> <span class='ocrx_word' id='word_1_175' title='bbox 713 894 822 930; x_wconf 65' lang='lat' dir='ltr'>semper</span> <span class='ocrx_word' id='word_1_176' title='bbox 839 904 935 923; x_wconf 83' lang='lat' dir='ltr'>mutua</span> <span class='ocrx_word' id='word_1_177' title='bbox 951 916 960 929; x_wconf 82' lang='lat'>,</span> <span class='ocrx_word' id='word_1_178' title='bbox 990 892 1073 924; x_wconf 86' lang='lat' dir='ltr'>vestri</span> <span class='ocrx_word' id='word_1_179' title='bbox 1090 902 1259 923; x_wconf 85' lang='lat' dir='ltr'>mercatores</span> 
     </span>
     <span class='ocr_line' id='line_1_20' title="bbox 196 931 1259 977; baseline -0.008 -7"><span class='ocrx_word' id='word_1_180' title='bbox 196 939 337 977; x_wconf 80' lang='lat' dir='ltr'>quaestum</span> <span class='ocrx_word' id='word_1_181' title='bbox 353 937 426 974; x_wconf 80' lang='lat' dir='ltr'>apud</span> <span class='ocrx_word' id='word_1_182' title='bbox 450 946 500 965; x_wconf 87' lang='lat' dir='ltr'>nos</span> <span class='ocrx_word' id='word_1_183' title='bbox 521 935 660 974; x_wconf 78' lang='lat' dir='ltr'>grandem</span> <span class='ocrx_word' id='word_1_184' title='bbox 678 955 687 969; x_wconf 91' lang='lat'>,</span> <span class='ocrx_word' id='word_1_185' title='bbox 707 931 795 962; x_wconf 88' lang='lat' dir='ltr'>nostri</span> <span class='ocrx_word' id='word_1_186' title='bbox 814 933 888 968; x_wconf 88' lang='lat' dir='ltr'>apud</span> <span class='ocrx_word' id='word_1_187' title='bbox 906 942 958 962; x_wconf 86' lang='lat' dir='ltr'>vos</span> <span class='ocrx_word' id='word_1_188' title='bbox 972 934 1106 969; x_wconf 67' lang='lat' dir='ltr'>exiguum</span> <span class='ocrx_word' id='word_1_189' title='bbox 1124 932 1259 963; x_wconf 88' lang='lat' dir='ltr'>fecerunt.</span> 
     </span>
     <span class='ocr_line' id='line_1_21' title="bbox 195 970 1260 1009; baseline -0.008 0"><span class='ocrx_word' id='word_1_190' title='bbox 195 978 335 1009; x_wconf 82' lang='lat' dir='ltr'>Praeterea</span> <span class='ocrx_word' id='word_1_191' title='bbox 360 975 564 1006; x_wconf 76' lang='lat' dir='ltr'>mercatoribus</span> <span class='ocrx_word' id='word_1_192' title='bbox 586 972 687 1002; x_wconf 89' lang='lat' dir='ltr'>nostris</span> <span class='ocrx_word' id='word_1_193' title='bbox 705 981 763 1001; x_wconf 84' lang='lat' dir='ltr'>non</span> <span class='ocrx_word' id='word_1_194' title='bbox 783 970 872 1000; x_wconf 81' lang='lat' dir='ltr'>solum</span> <span class='ocrx_word' id='word_1_195' title='bbox 890 970 1185 1009; x_wconf 69' lang='lat' dir='ltr'>negotiationem,sed</span> <span class='ocrx_word' id='word_1_196' title='bbox 1195 980 1260 1000; x_wconf 92' lang='lat' dir='ltr'>om-</span> 
     </span>
     <span class='ocr_line' id='line_1_22' title="bbox 197 1008 1260 1049; baseline -0.008 0"><span class='ocrx_word' id='word_1_197' title='bbox 197 1027 266 1049; x_wconf 85' lang='lat' dir='ltr'>nem</span> <span class='ocrx_word' id='word_1_198' title='bbox 281 1017 366 1046; x_wconf 85' lang='lat' dir='ltr'>etiam</span> <span class='ocrx_word' id='word_1_199' title='bbox 382 1015 489 1044; x_wconf 84' lang='lat' dir='ltr'>aditum</span> <span class='ocrx_word' id='word_1_200' title='bbox 504 1012 537 1042; x_wconf 91' lang='lat' dir='ltr'>ad</span> <span class='ocrx_word' id='word_1_201' title='bbox 555 1021 624 1047; x_wconf 69' lang='lat' dir='ltr'>vos,</span> <span class='ocrx_word' id='word_1_202' title='bbox 641 1010 757 1047; x_wconf 83' lang='lat' dir='ltr'>quidam</span> <span class='ocrx_word' id='word_1_203' title='bbox 772 1019 806 1038; x_wconf 73' lang='lat' dir='ltr'>ex</span> <span class='ocrx_word' id='word_1_204' title='bbox 822 1008 920 1040; x_wconf 83' lang='lat' dir='ltr'>vestris</span> <span class='ocrx_word' id='word_1_205' title='bbox 936 1010 1103 1040; x_wconf 79' lang='lat' dir='ltr'>extulerunt.</span> <span class='ocrx_word' id='word_1_206' title='bbox 1132 1008 1200 1039; x_wconf 91' lang='lat' dir='ltr'>Nos</span> <span class='ocrx_word' id='word_1_207' title='bbox 1212 1019 1260 1040; x_wconf 88' lang='lat' dir='ltr'>ve-</span> 
     </span>
     <span class='ocr_line' id='line_1_23' title="bbox 199 1048 1261 1088; baseline -0.008 -2"><span class='ocrx_word' id='word_1_208' title='bbox 199 1066 233 1088; x_wconf 81' lang='lat' dir='ltr'>ro</span> <span class='ocrx_word' id='word_1_209' title='bbox 253 1054 362 1086; x_wconf 87' lang='lat' dir='ltr'>vestros</span> <span class='ocrx_word' id='word_1_210' title='bbox 386 1063 444 1083; x_wconf 89' lang='lat' dir='ltr'>non</span> <span class='ocrx_word' id='word_1_211' title='bbox 465 1061 501 1081; x_wconf 89' lang='lat' dir='ltr'>eo</span> <span class='ocrx_word' id='word_1_212' title='bbox 517 1050 632 1088; x_wconf 87' lang='lat' dir='ltr'>quidem</span> <span class='ocrx_word' id='word_1_213' title='bbox 648 1050 739 1078; x_wconf 79' lang='lat' dir='ltr'>modo</span> <span class='ocrx_word' id='word_1_214' title='bbox 758 1049 942 1078; x_wconf 67' lang='lat' dir='ltr'>tractavimus</span> <span class='ocrx_word' id='word_1_215' title='bbox 955 1071 965 1086; x_wconf 85' lang='lat'>,</span> <span class='ocrx_word' id='word_1_216' title='bbox 991 1048 1035 1079; x_wconf 87' lang='lat' dir='ltr'>sed</span> <span class='ocrx_word' id='word_1_217' title='bbox 1056 1057 1201 1078; x_wconf 60' lang='lat' dir='ltr'>contentae</span> <span class='ocrx_word' id='word_1_218' title='bbox 1218 1048 1261 1078; x_wconf 89' lang='lat' dir='ltr'>su-</span> 
     </span>
     <span class='ocr_line' id='line_1_24' title="bbox 199 1086 1260 1132; baseline -0.008 -7"><span class='ocrx_word' id='word_1_219' title='bbox 199 1104 281 1132; x_wconf 88' lang='lat' dir='ltr'>mus,</span> <span class='ocrx_word' id='word_1_220' title='bbox 299 1102 327 1123; x_wconf 92' lang='lat' dir='ltr'>ut</span> <span class='ocrx_word' id='word_1_221' title='bbox 345 1093 392 1122; x_wconf 90' lang='lat' dir='ltr'>hic</span> <span class='ocrx_word' id='word_1_222' title='bbox 410 1091 590 1131; x_wconf 80' lang='lat' dir='ltr'>negotientur</span> <span class='ocrx_word' id='word_1_223' title='bbox 607 1111 617 1126; x_wconf 89' lang='lat'>,</span> <span class='ocrx_word' id='word_1_224' title='bbox 642 1087 759 1124; x_wconf 80' lang='lat' dir='ltr'>perinde</span> <span class='ocrx_word' id='word_1_225' title='bbox 782 1096 810 1116; x_wconf 93' lang='lat' dir='ltr'>ut</span> <span class='ocrx_word' id='word_1_226' title='bbox 828 1096 998 1117; x_wconf 83' lang='lat' dir='ltr'>mercatores</span> <span class='ocrx_word' id='word_1_227' title='bbox 1011 1088 1045 1118; x_wconf 64' lang='grc' dir='ltr'>ὃς</span> <span class='ocrx_word' id='word_1_228' title='bbox 1061 1087 1175 1117; x_wconf 81' lang='lat' dir='ltr'>Subditi</span> <span class='ocrx_word' id='word_1_229' title='bbox 1191 1086 1260 1117; x_wconf 93' lang='lat' dir='ltr'>alio-</span> 
     </span>
     <span class='ocr_line' id='line_1_25' title="bbox 199 1124 1261 1167; baseline -0.008 -3"><span class='ocrx_word' id='word_1_230' title='bbox 199 1143 264 1164; x_wconf 83' lang='lat' dir='ltr'>rum</span> <span class='ocrx_word' id='word_1_231' title='bbox 283 1131 447 1167; x_wconf 84' lang='lat' dir='ltr'>Principum</span> <span class='ocrx_word' id='word_1_232' title='bbox 468 1129 582 1158; x_wconf 82' lang='lat' dir='ltr'>faciunt.</span> <span class='ocrx_word' id='word_1_233' title='bbox 611 1126 680 1156; x_wconf 83' lang='lat' dir='ltr'>Nec</span> <span class='ocrx_word' id='word_1_234' title='bbox 703 1124 796 1155; x_wconf 79' lang='lat' dir='ltr'>nostra</span> <span class='ocrx_word' id='word_1_235' title='bbox 818 1125 902 1162; x_wconf 57' lang='lat' dir='ltr'>culpa</span> <span class='ocrx_word' id='word_1_236' title='bbox 921 1125 961 1155; x_wconf 88' lang='lat' dir='ltr'>est</span> <span class='ocrx_word' id='word_1_237' title='bbox 980 1126 1059 1163; x_wconf 90' lang='lat' dir='ltr'>quod</span> <span class='ocrx_word' id='word_1_238' title='bbox 1079 1136 1137 1155; x_wconf 92' lang='lat' dir='ltr'>non</span> <span class='ocrx_word' id='word_1_239' title='bbox 1159 1126 1261 1163; x_wconf 88' lang='lat' dir='ltr'>majori</span> 
     </span>
     <span class='ocr_line' id='line_1_26' title="bbox 197 1164 1262 1204; baseline -0.007 -2"><span class='ocrx_word' id='word_1_240' title='bbox 197 1182 266 1202; x_wconf 88' lang='lat' dir='ltr'>cum</span> <span class='ocrx_word' id='word_1_241' title='bbox 282 1171 406 1201; x_wconf 82' lang='lat' dir='ltr'>libertate</span> <span class='ocrx_word' id='word_1_242' title='bbox 421 1167 471 1198; x_wconf 83' lang='lat' dir='ltr'>hic</span> <span class='ocrx_word' id='word_1_243' title='bbox 488 1167 689 1204; x_wconf 77' lang='lat' dir='ltr'>negotiantur,</span> <span class='ocrx_word' id='word_1_244' title='bbox 709 1165 794 1202; x_wconf 70' lang='lat' dir='ltr'>quam</span> <span class='ocrx_word' id='word_1_245' title='bbox 811 1165 988 1202; x_wconf 87' lang='lat' dir='ltr'>reliquorum</span> <span class='ocrx_word' id='word_1_246' title='bbox 1006 1164 1171 1202; x_wconf 88' lang='lat' dir='ltr'>Principum</span> <span class='ocrx_word' id='word_1_247' title='bbox 1187 1164 1262 1195; x_wconf 82' lang='lat' dir='ltr'>Sub-</span> 
     </span>
     <span class='ocr_line' id='line_1_27' title="bbox 197 1212 257 1241; baseline -0.017 0"><span class='ocrx_word' id='word_1_248' title='bbox 197 1212 257 1241; x_wconf 90' lang='lat' dir='ltr'>diti.</span> 
     </span>
    </p>

    <p class='ocr_par' dir='ltr' id='par_1_3' title="bbox 194 1241 1264 1589">
     <span class='ocr_line' id='line_1_28' title="bbox 234 1241 1261 1286; baseline -0.008 -7"><span class='ocrx_word' id='word_1_249' title='bbox 234 1249 271 1279; x_wconf 87' lang='lat' dir='ltr'>Et</span> <span class='ocrx_word' id='word_1_250' title='bbox 292 1255 468 1286; x_wconf 85' lang='lat' dir='ltr'>quamquam</span> <span class='ocrx_word' id='word_1_251' title='bbox 489 1245 552 1274; x_wconf 68' lang='lat' dir='ltr'>haec</span> <span class='ocrx_word' id='word_1_252' title='bbox 571 1242 668 1271; x_wconf 87' lang='lat' dir='ltr'>omnia</span> <span class='ocrx_word' id='word_1_253' title='bbox 690 1242 726 1272; x_wconf 82' lang='lat' dir='ltr'>lic</span> <span class='ocrx_word' id='word_1_254' title='bbox 745 1241 770 1272; x_wconf 93' lang='lat' dir='ltr'>se</span> <span class='ocrx_word' id='word_1_255' title='bbox 790 1242 928 1278; x_wconf 83' lang='lat' dir='ltr'>habeant,</span> <span class='ocrx_word' id='word_1_256' title='bbox 949 1251 979 1272; x_wconf 85' lang='lat' dir='ltr'>ea</span> <span class='ocrx_word' id='word_1_257' title='bbox 998 1248 1092 1271; x_wconf 89' lang='lat' dir='ltr'>tamen</span> <span class='ocrx_word' id='word_1_258' title='bbox 1107 1241 1196 1270; x_wconf 88' lang='lat' dir='ltr'>animi</span> <span class='ocrx_word' id='word_1_259' title='bbox 1211 1251 1261 1271; x_wconf 90' lang='lat' dir='ltr'>no-</span> 
     </span>
     <span class='ocr_line' id='line_1_29' title="bbox 197 1280 1261 1326; baseline -0.009 -7"><span class='ocrx_word' id='word_1_260' title='bbox 197 1288 244 1319; x_wconf 86' lang='lat' dir='ltr'>stri</span> <span class='ocrx_word' id='word_1_261' title='bbox 264 1287 305 1318; x_wconf 88' lang='lat' dir='ltr'>est</span> <span class='ocrx_word' id='word_1_262' title='bbox 325 1285 475 1326; x_wconf 74' lang='lat' dir='ltr'>propensio</span> <span class='ocrx_word' id='word_1_263' title='bbox 493 1292 555 1322; x_wconf 79' lang='lat' dir='ltr'>erga</span> <span class='ocrx_word' id='word_1_264' title='bbox 572 1292 640 1319; x_wconf 86' lang='lat' dir='ltr'>vos,</span> <span class='ocrx_word' id='word_1_265' title='bbox 660 1281 848 1318; x_wconf 83' lang='lat' dir='ltr'>nostrumque</span> <span class='ocrx_word' id='word_1_266' title='bbox 867 1280 993 1310; x_wconf 89' lang='lat' dir='ltr'>studium</span> <span class='ocrx_word' id='word_1_267' title='bbox 1012 1289 1070 1310; x_wconf 86' lang='lat' dir='ltr'>tam</span> <span class='ocrx_word' id='word_1_268' title='bbox 1091 1288 1215 1316; x_wconf 79' lang='lat' dir='ltr'>paratum</span> <span class='ocrx_word' id='word_1_269' title='bbox 1230 1281 1261 1309; x_wconf 71' lang='grc' dir='ltr'>ἃ</span> 
     </span>
     <span class='ocr_line' id='line_1_30' title="bbox 199 1318 1262 1367; baseline -0.008 -11"><span class='ocrx_word' id='word_1_270' title='bbox 199 1326 379 1367; x_wconf 85' lang='lat' dir='ltr'>propositum</span> <span class='ocrx_word' id='word_1_271' title='bbox 399 1323 509 1359; x_wconf 76' lang='lat' dir='ltr'>exiliit,</span> <span class='ocrx_word' id='word_1_272' title='bbox 528 1322 560 1352; x_wconf 89' lang='lat' dir='ltr'>ad</span> <span class='ocrx_word' id='word_1_273' title='bbox 582 1320 805 1350; x_wconf 81' lang='lat' dir='ltr'>conlervandam</span> <span class='ocrx_word' id='word_1_274' title='bbox 826 1319 977 1348; x_wconf 82' lang='lat' dir='ltr'>vobiscum</span> <span class='ocrx_word' id='word_1_275' title='bbox 996 1319 1154 1348; x_wconf 80' lang='lat' dir='ltr'>amicitiani</span> <span class='ocrx_word' id='word_1_276' title='bbox 1168 1341 1178 1355; x_wconf 77' lang='lat'>,</span> <span class='ocrx_word' id='word_1_277' title='bbox 1198 1327 1228 1348; x_wconf 92' lang='lat' dir='ltr'>ut</span> <span class='ocrx_word' id='word_1_278' title='bbox 1244 1318 1262 1348; x_wconf 88' lang='lat' dir='ltr'>si</span> 
     </span>
     <span class='ocr_line' id='line_1_31' title="bbox 197 1357 1262 1398; baseline -0.006 -5"><span class='ocrx_word' id='word_1_279' title='bbox 197 1366 281 1396; x_wconf 86' lang='lat' dir='ltr'>vobis</span> <span class='ocrx_word' id='word_1_280' title='bbox 296 1365 386 1394; x_wconf 91' lang='lat' dir='ltr'>visum</span> <span class='ocrx_word' id='word_1_281' title='bbox 406 1362 506 1398; x_wconf 87' lang='lat' dir='ltr'>fuerit,</span> <span class='ocrx_word' id='word_1_282' title='bbox 524 1360 695 1389; x_wconf 76' lang='lat' dir='ltr'>constitut-ie</span> <span class='ocrx_word' id='word_1_283' title='bbox 716 1358 851 1388; x_wconf 85' lang='lat' dir='ltr'>idoneum</span> <span class='ocrx_word' id='word_1_284' title='bbox 873 1366 986 1394; x_wconf 87' lang='lat' dir='ltr'>tempus</span> <span class='ocrx_word' id='word_1_285' title='bbox 1004 1357 1039 1387; x_wconf 89' lang='lat' dir='ltr'>ad</span> <span class='ocrx_word' id='word_1_286' title='bbox 1059 1357 1262 1387; x_wconf 84' lang='lat' dir='ltr'>celebrandum</span> 
     </span>
     <span class='ocr_line' id='line_1_32' title="bbox 194 1396 1264 1439; baseline -0.008 -5"><span class='ocrx_word' id='word_1_287' title='bbox 194 1405 223 1434; x_wconf 79' lang='lat' dir='ltr'>in</span> <span class='ocrx_word' id='word_1_288' title='bbox 249 1404 307 1433; x_wconf 86' lang='lat' dir='ltr'>hoc</span> <span class='ocrx_word' id='word_1_289' title='bbox 337 1403 441 1439; x_wconf 73' lang='lat' dir='ltr'>Regno</span> <span class='ocrx_word' id='word_1_290' title='bbox 466 1398 564 1429; x_wconf 84' lang='lat' dir='ltr'>nostro</span> <span class='ocrx_word' id='word_1_291' title='bbox 589 1406 770 1427; x_wconf 89' lang='lat' dir='ltr'>conventum</span> <span class='ocrx_word' id='word_1_292' title='bbox 788 1419 796 1433; x_wconf 85' lang='lat'>,</span> <span class='ocrx_word' id='word_1_293' title='bbox 821 1397 854 1426; x_wconf 91' lang='lat'>&amp;</span> <span class='ocrx_word' id='word_1_294' title='bbox 880 1396 938 1426; x_wconf 86' lang='lat' dir='ltr'>huc</span> <span class='ocrx_word' id='word_1_295' title='bbox 954 1396 1038 1426; x_wconf 85' lang='lat' dir='ltr'>etiam</span> <span class='ocrx_word' id='word_1_296' title='bbox 1057 1396 1170 1426; x_wconf 85' lang='lat' dir='ltr'>mittere</span> <span class='ocrx_word' id='word_1_297' title='bbox 1189 1397 1264 1425; x_wconf 92' lang='lat' dir='ltr'>viros</span> 
     </span>
     <span class='ocr_line' id='line_1_33' title="bbox 197 1434 1264 1480; baseline -0.006 -8"><span class='ocrx_word' id='word_1_298' title='bbox 197 1452 296 1480; x_wconf 65' lang='lat' dir='ltr'>{equos</span> <span class='ocrx_word' id='word_1_299' title='bbox 314 1442 346 1471; x_wconf 66' lang='lat' dir='ltr'>&amp;c</span> <span class='ocrx_word' id='word_1_300' title='bbox 368 1442 475 1475; x_wconf 74' lang='lat' dir='ltr'>bonos,</span> <span class='ocrx_word' id='word_1_301' title='bbox 494 1439 541 1476; x_wconf 87' lang='lat' dir='ltr'>qui</span> <span class='ocrx_word' id='word_1_302' title='bbox 561 1438 626 1467; x_wconf 85' lang='lat' dir='ltr'>huic</span> <span class='ocrx_word' id='word_1_303' title='bbox 647 1436 764 1471; x_wconf 63' lang='lat' dir='ltr'>negotio</span> <span class='ocrx_word' id='word_1_304' title='bbox 784 1434 931 1473; x_wconf 77' lang='lat' dir='ltr'>intersint,</span> <span class='ocrx_word' id='word_1_305' title='bbox 949 1436 1033 1465; x_wconf 90' lang='lat' dir='ltr'>nobis</span> <span class='ocrx_word' id='word_1_306' title='bbox 1052 1444 1168 1472; x_wconf 85' lang='lat' dir='ltr'>quoque</span> <span class='ocrx_word' id='word_1_307' title='bbox 1187 1435 1264 1466; x_wconf 84' lang='lat' dir='ltr'>fimi-</span> 
     </span>
     <span class='ocr_line' id='line_1_34' title="bbox 198 1473 1263 1517; baseline -0.007 -6"><span class='ocrx_word' id='word_1_308' title='bbox 198 1483 260 1511; x_wconf 85' lang='lat' dir='ltr'>liter</span> <span class='ocrx_word' id='word_1_309' title='bbox 287 1481 379 1517; x_wconf 78' lang='lat' dir='ltr'>placet</span> <span class='ocrx_word' id='word_1_310' title='bbox 402 1477 535 1517; x_wconf 74' lang='lat' dir='ltr'>ailignarc</span> <span class='ocrx_word' id='word_1_311' title='bbox 554 1484 651 1513; x_wconf 67' lang='lat' dir='ltr'>requos</span> <span class='ocrx_word' id='word_1_312' title='bbox 669 1475 701 1503; x_wconf 70' lang='grc' dir='ltr'>ὅ(</span> <span class='ocrx_word' id='word_1_313' title='bbox 723 1475 817 1503; x_wconf 81' lang='lat' dir='ltr'>bonos</span> <span class='ocrx_word' id='word_1_314' title='bbox 836 1474 911 1503; x_wconf 89' lang='lat' dir='ltr'>viros</span> <span class='ocrx_word' id='word_1_315' title='bbox 926 1496 936 1510; x_wconf 89' lang='lat'>,</span> <span class='ocrx_word' id='word_1_316' title='bbox 955 1475 1002 1511; x_wconf 90' lang='lat' dir='ltr'>qui</span> <span class='ocrx_word' id='word_1_317' title='bbox 1017 1473 1120 1511; x_wconf 82' lang='lat' dir='ltr'>justam</span> <span class='ocrx_word' id='word_1_318' title='bbox 1140 1474 1263 1512; x_wconf 76' lang='lat' dir='ltr'>aliquam</span> 
     </span>
     <span class='ocr_line' id='line_1_35' title="bbox 197 1511 1264 1553; baseline -0.007 -3"><span class='ocrx_word' id='word_1_319' title='bbox 197 1522 232 1550; x_wconf 63' lang='grc' dir='ltr'>ἃ</span> <span class='ocrx_word' id='word_1_320' title='bbox 251 1518 430 1550; x_wconf 74' lang='lat' dir='ltr'>amicabilem</span> <span class='ocrx_word' id='word_1_321' title='bbox 451 1517 589 1546; x_wconf 81' lang='lat' dir='ltr'>rationem</span> <span class='ocrx_word' id='word_1_322' title='bbox 610 1514 722 1548; x_wconf 80' lang='lat' dir='ltr'>ineant,</span> <span class='ocrx_word' id='word_1_323' title='bbox 741 1513 776 1541; x_wconf 90' lang='lat' dir='ltr'>de</span> <span class='ocrx_word' id='word_1_324' title='bbox 795 1521 876 1553; x_wconf 76' lang='lat' dir='ltr'>certo</span> <span class='ocrx_word' id='word_1_325' title='bbox 896 1511 988 1542; x_wconf 89' lang='lat' dir='ltr'>modo</span> <span class='ocrx_word' id='word_1_326' title='bbox 1007 1513 1040 1542; x_wconf 86' lang='lat'>&amp;</span> <span class='ocrx_word' id='word_1_327' title='bbox 1056 1512 1157 1543; x_wconf 84' lang='lat' dir='ltr'>ordine</span> <span class='ocrx_word' id='word_1_328' title='bbox 1181 1523 1264 1543; x_wconf 91' lang='lat' dir='ltr'>com-</span> 
     </span>
     <span class='ocr_line' id='line_1_36' title="bbox 198 1550 1044 1589; baseline -0.011 0"><span class='ocrx_word' id='word_1_329' title='bbox 198 1559 304 1589; x_wconf 88' lang='lat' dir='ltr'>mercia</span> <span class='ocrx_word' id='word_1_330' title='bbox 324 1558 392 1587; x_wconf 87' lang='lat' dir='ltr'>hinc</span> <span class='ocrx_word' id='word_1_331' title='bbox 411 1556 478 1585; x_wconf 83' lang='lat' dir='ltr'>inde</span> <span class='ocrx_word' id='word_1_332' title='bbox 497 1552 646 1583; x_wconf 78' lang='lat' dir='ltr'>exercendi</span> <span class='ocrx_word' id='word_1_333' title='bbox 664 1552 735 1580; x_wconf 78' lang='lat' dir='ltr'>inter</span> <span class='ocrx_word' id='word_1_334' title='bbox 752 1553 887 1587; x_wconf 78' lang='lat' dir='ltr'>utrolque</span> <span class='ocrx_word' id='word_1_335' title='bbox 899 1550 1044 1581; x_wconf 78' lang='lat' dir='ltr'>subditos.</span> 
     </span>
    </p>

    <p class='ocr_par' dir='ltr' id='par_1_4' title="bbox 198 1588 1263 1750">
     <span class='ocr_line' id='line_1_37' title="bbox 234 1588 1263 1634; baseline -0.006 -7"><span class='ocrx_word' id='word_1_336' title='bbox 234 1597 303 1627; x_wconf 81' lang='lat' dir='ltr'>Hoc</span> <span class='ocrx_word' id='word_1_337' title='bbox 322 1594 484 1634; x_wconf 84' lang='lat' dir='ltr'>responsum</span> <span class='ocrx_word' id='word_1_338' title='bbox 504 1593 588 1622; x_wconf 87' lang='lat' dir='ltr'>vobis</span> <span class='ocrx_word' id='word_1_339' title='bbox 606 1588 759 1629; x_wconf 73' lang='lat' dir='ltr'>significare</span> <span class='ocrx_word' id='word_1_340' title='bbox 777 1588 868 1617; x_wconf 83' lang='lat' dir='ltr'>visum</span> <span class='ocrx_word' id='word_1_341' title='bbox 889 1588 945 1625; x_wconf 85' lang='lat' dir='ltr'>est,</span> <span class='ocrx_word' id='word_1_342' title='bbox 963 1589 1042 1627; x_wconf 87' lang='lat' dir='ltr'>quod</span> <span class='ocrx_word' id='word_1_343' title='bbox 1061 1589 1103 1619; x_wconf 85' lang='lat' dir='ltr'>est</span> <span class='ocrx_word' id='word_1_344' title='bbox 1117 1590 1263 1628; x_wconf 88' lang='lat' dir='ltr'>hujusmo-</span> 
     </span>
     <span class='ocr_line' id='line_1_38' title="bbox 198 1626 1262 1674; baseline -0.008 -8"><span class='ocrx_word' id='word_1_345' title='bbox 198 1635 245 1674; x_wconf 89' lang='lat' dir='ltr'>di,</span> <span class='ocrx_word' id='word_1_346' title='bbox 265 1644 295 1665; x_wconf 86' lang='lat' dir='ltr'>ut</span> <span class='ocrx_word' id='word_1_347' title='bbox 313 1634 396 1673; x_wconf 78' lang='lat' dir='ltr'>plane</span> <span class='ocrx_word' id='word_1_348' title='bbox 415 1639 554 1670; x_wconf 85' lang='lat' dir='ltr'>congruat</span> <span class='ocrx_word' id='word_1_349' title='bbox 570 1639 640 1660; x_wconf 92' lang='lat' dir='ltr'>cum</span> <span class='ocrx_word' id='word_1_350' title='bbox 660 1626 754 1657; x_wconf 87' lang='lat' dir='ltr'>vestro</span> <span class='ocrx_word' id='word_1_351' title='bbox 774 1628 874 1663; x_wconf 83' lang='lat' dir='ltr'>pariter</span> <span class='ocrx_word' id='word_1_352' title='bbox 892 1627 924 1656; x_wconf 72' lang='grc' dir='ltr'>ὃ(</span> <span class='ocrx_word' id='word_1_353' title='bbox 945 1626 1042 1656; x_wconf 89' lang='lat' dir='ltr'>nostro</span> <span class='ocrx_word' id='word_1_354' title='bbox 1062 1628 1186 1658; x_wconf 86' lang='lat' dir='ltr'>honore:</span> <span class='ocrx_word' id='word_1_355' title='bbox 1208 1630 1262 1661; x_wconf 87' lang='lat' dir='ltr'>Ita-</span> 
     </span>
     <span class='ocr_line' id='line_1_39' title="bbox 200 1665 1261 1712; baseline -0.005 -8"><span class='ocrx_word' id='word_1_356' title='bbox 200 1684 258 1712; x_wconf 85' lang='lat' dir='ltr'>que</span> <span class='ocrx_word' id='word_1_357' title='bbox 278 1684 338 1703; x_wconf 92' lang='lat' dir='ltr'>non</span> <span class='ocrx_word' id='word_1_358' title='bbox 358 1672 521 1702; x_wconf 84' lang='lat' dir='ltr'>dubitamus</span> <span class='ocrx_word' id='word_1_359' title='bbox 537 1693 546 1705; x_wconf 72' lang='grc'><em>,</em></span> <span class='ocrx_word' id='word_1_360' title='bbox 567 1669 634 1705; x_wconf 91' lang='lat' dir='ltr'>quin</span> <span class='ocrx_word' id='word_1_361' title='bbox 664 1675 716 1708; x_wconf 80' lang='lat' dir='ltr'>voS</span> <span class='ocrx_word' id='word_1_362' title='bbox 740 1674 856 1708; x_wconf 71' lang='lat' dir='ltr'>quoque</span> <span class='ocrx_word' id='word_1_363' title='bbox 875 1674 928 1701; x_wconf 88' lang='lat' dir='ltr'>pro</span> <span class='ocrx_word' id='word_1_364' title='bbox 947 1665 1040 1696; x_wconf 69' lang='lat' dir='ltr'>vestra</span> <span class='ocrx_word' id='word_1_365' title='bbox 1059 1667 1208 1702; x_wconf 69' lang='lat' dir='ltr'>prudentia</span> <span class='ocrx_word' id='word_1_366' title='bbox 1229 1670 1261 1699; x_wconf 89' lang='lat'>&amp;</span> 
     </span>
     <span class='ocr_line' id='line_1_40' title="bbox 199 1702 1261 1750; baseline -0.005 -8"><span class='ocrx_word' id='word_1_367' title='bbox 199 1714 329 1750; x_wconf 73' lang='lat' dir='ltr'>:equitate</span> <span class='ocrx_word' id='word_1_368' title='bbox 347 1734 356 1749; x_wconf 83' lang='lat'>,</span> <span class='ocrx_word' id='word_1_369' title='bbox 381 1711 458 1741; x_wconf 84' lang='lat' dir='ltr'>idem</span> <span class='ocrx_word' id='word_1_370' title='bbox 490 1708 544 1738; x_wconf 81' lang='lat' dir='ltr'>litis</span> <span class='ocrx_word' id='word_1_371' title='bbox 569 1712 797 1742; x_wconf 77' lang='lat' dir='ltr'>comprobaturi.</span> <span class='ocrx_word' id='word_1_372' title='bbox 842 1702 930 1740; x_wconf 83' lang='lat' dir='ltr'>Apud</span> <span class='ocrx_word' id='word_1_373' title='bbox 960 1703 1001 1734; x_wconf 95' lang='lat' dir='ltr'>D.</span> <span class='ocrx_word' id='word_1_374' title='bbox 1017 1703 1120 1744; x_wconf 82' lang='lat' dir='ltr'>Jacob.</span> <span class='ocrx_word' id='word_1_375' title='bbox 1141 1707 1166 1738; x_wconf 84' lang='lat'>8.</span> <span class='ocrx_word' id='word_1_376' title='bbox 1188 1708 1261 1739; x_wconf 64' lang='lat' dir='ltr'>Ost.</span> 
     </span>
    </p>
   </div>
   <div class='ocr_carea' id='block_1_3' title="bbox 202 1760 287 1789">
    <p class='ocr_par' dir='ltr' id='par_1_5' title="bbox 202 1760 287 1789">
     <span class='ocr_line' id='line_1_41' title="bbox 202 1760 287 1789; baseline 0 0"><span class='ocrx_word' id='word_1_377' title='bbox 202 1760 287 1789; x_wconf 83' lang='lat'>1557·</span> 
     </span>
    </p>
   </div>
   <div class='ocr_carea' id='block_1_4' title="bbox 213 1822 746 1831">
    <p class='ocr_par' dir='ltr' id='par_1_6' title="bbox 213 1822 746 1831">
     <span class='ocr_line' id='line_1_42' title="bbox 213 1822 746 1831; baseline 0 0"><span class='ocrx_word' id='word_1_378' title='bbox 213 1822 746 1831; x_wconf 95' lang='lat' dir='ltr'> </span> 
     </span>
    </p>
   </div>
   <div class='ocr_carea' id='block_1_5' title="bbox 402 1867 1075 1920">
    <p class='ocr_par' dir='ltr' id='par_1_7' title="bbox 402 1867 1075 1920">
     <span class='ocr_line' id='line_1_43' title="bbox 402 1867 1075 1920; baseline -0.003 -14"><span class='ocrx_word' id='word_1_379' title='bbox 402 1874 522 1920; x_wconf 63' lang='lat' dir='ltr'>lliagno</span> <span class='ocrx_word' id='word_1_380' title='bbox 538 1868 689 1918; x_wconf 71' lang='lat' dir='ltr'>lllngistro</span> <span class='ocrx_word' id='word_1_381' title='bbox 710 1870 858 1903; x_wconf 82' lang='lat' dir='ltr'>Militum</span> <span class='ocrx_word' id='word_1_382' title='bbox 877 1867 1075 1904; x_wconf 75' lang='lat' dir='ltr'>Rhodiorum.</span> 
     </span>
    </p>
   </div>
   <div class='ocr_carea' id='block_1_6' title="bbox 192 1954 1268 3423">
    <p class='ocr_par' dir='ltr' id='par_1_8' title="bbox 192 1954 1268 3423">
     <span class='ocr_line' id='line_1_44' title="bbox 197 1954 1262 2024; baseline -0.004 -32"><span class='ocrx_word' id='word_1_383' title='bbox 197 1958 494 2024; x_wconf 78' lang='lat' dir='ltr'>REveiendiiTime</span> <span class='ocrx_word' id='word_1_384' title='bbox 512 1957 545 1988; x_wconf 69' lang='grc' dir='ltr'>ὅ(</span> <span class='ocrx_word' id='word_1_385' title='bbox 562 1955 668 1987; x_wconf 85' lang='lat' dir='ltr'>Amice</span> <span class='ocrx_word' id='word_1_386' title='bbox 686 1954 866 1986; x_wconf 87' lang='lat' dir='ltr'>Charissime.</span> <span class='ocrx_word' id='word_1_387' title='bbox 887 1955 1006 1988; x_wconf 83' lang='lat' dir='ltr'>Litteras</span> <span class='ocrx_word' id='word_1_388' title='bbox 1020 1956 1123 1988; x_wconf 88' lang='lat' dir='ltr'>vestras</span> <span class='ocrx_word' id='word_1_389' title='bbox 1141 1967 1167 1997; x_wconf 90' lang='lat'>7.</span> <span class='ocrx_word' id='word_1_390' title='bbox 1184 1957 1262 1995; x_wconf 83' lang='lat' dir='ltr'>Sept.</span> 
     </span>
     <span class='ocr_line' id='line_1_45' title="bbox 277 1995 1264 2034; baseline -0.003 -4"><span class='ocrx_word' id='word_1_391' title='bbox 277 2001 353 2031; x_wconf 83' lang='lat' dir='ltr'>datas</span> <span class='ocrx_word' id='word_1_392' title='bbox 380 1998 421 2029; x_wconf 90' lang='lat' dir='ltr'>D.</span> <span class='ocrx_word' id='word_1_393' title='bbox 448 1997 549 2027; x_wconf 86' lang='lat' dir='ltr'>Petrus</span> <span class='ocrx_word' id='word_1_394' title='bbox 573 1995 678 2025; x_wconf 85' lang='lat' dir='ltr'>Felices</span> <span class='ocrx_word' id='word_1_395' title='bbox 707 1995 817 2025; x_wconf 79' lang='lat' dir='ltr'>Ealinus</span> <span class='ocrx_word' id='word_1_396' title='bbox 844 1995 956 2033; x_wconf 86' lang='lat' dir='ltr'>Aquilae</span> <span class='ocrx_word' id='word_1_397' title='bbox 972 2019 981 2033; x_wconf 79' lang='grc'><em>,</em></span> <span class='ocrx_word' id='word_1_398' title='bbox 1007 1997 1056 2034; x_wconf 89' lang='lat' dir='ltr'>qui</span> <span class='ocrx_word' id='word_1_399' title='bbox 1083 1997 1131 2027; x_wconf 90' lang='lat' dir='ltr'>has</span> <span class='ocrx_word' id='word_1_400' title='bbox 1159 1997 1264 2027; x_wconf 88' lang='lat' dir='ltr'>nostras</span> 
     </span>
     <span class='ocr_line' id='line_1_46' title="bbox 198 2033 1263 2076; baseline -0.001 -8"><span class='ocrx_word' id='word_1_401' title='bbox 198 2039 303 2076; x_wconf 78' lang='lat' dir='ltr'>perfert</span> <span class='ocrx_word' id='word_1_402' title='bbox 319 2061 329 2076; x_wconf 88' lang='lat'>,</span> <span class='ocrx_word' id='word_1_403' title='bbox 355 2039 439 2068; x_wconf 84' lang='lat' dir='ltr'>nobis</span> <span class='ocrx_word' id='word_1_404' title='bbox 457 2034 578 2067; x_wconf 74' lang='lat' dir='ltr'>tradidit.</span> <span class='ocrx_word' id='word_1_405' title='bbox 607 2033 638 2064; x_wconf 88' lang='lat' dir='ltr'>In</span> <span class='ocrx_word' id='word_1_406' title='bbox 659 2034 710 2063; x_wconf 85' lang='lat' dir='ltr'>illis</span> <span class='ocrx_word' id='word_1_407' title='bbox 732 2034 862 2072; x_wconf 81' lang='lat' dir='ltr'>Litteris,</span> <span class='ocrx_word' id='word_1_408' title='bbox 882 2033 973 2066; x_wconf 87' lang='lat' dir='ltr'>sensus</span> <span class='ocrx_word' id='word_1_409' title='bbox 990 2035 1093 2065; x_wconf 89' lang='lat' dir='ltr'>amoris</span> <span class='ocrx_word' id='word_1_410' title='bbox 1110 2035 1212 2074; x_wconf 85' lang='lat' dir='ltr'>vestri,</span> <span class='ocrx_word' id='word_1_411' title='bbox 1229 2037 1263 2067; x_wconf 72' lang='grc' dir='ltr'>ὃ(</span> 
     </span>
     <span class='ocr_line' id='line_1_47' title="bbox 198 2072 1262 2115; baseline -0.003 -7"><span class='ocrx_word' id='word_1_412' title='bbox 198 2078 334 2114; x_wconf 73' lang='lat' dir='ltr'>lingulare</span> <span class='ocrx_word' id='word_1_413' title='bbox 362 2085 428 2115; x_wconf 77' lang='lat' dir='ltr'>erga</span> <span class='ocrx_word' id='word_1_414' title='bbox 452 2085 503 2104; x_wconf 84' lang='lat' dir='ltr'>nos</span> <span class='ocrx_word' id='word_1_415' title='bbox 521 2074 729 2114; x_wconf 63' lang='lat' dir='ltr'>benevolenti-,e</span> <span class='ocrx_word' id='word_1_416' title='bbox 748 2072 891 2110; x_wconf 83' lang='lat' dir='ltr'>studium,</span> <span class='ocrx_word' id='word_1_417' title='bbox 912 2073 985 2103; x_wconf 79' lang='lat' dir='ltr'>clare</span> <span class='ocrx_word' id='word_1_418' title='bbox 1005 2074 1140 2105; x_wconf 83' lang='lat' dir='ltr'>enitebat.</span> <span class='ocrx_word' id='word_1_419' title='bbox 1162 2075 1262 2113; x_wconf 86' lang='lat' dir='ltr'>Qam</span> 
     </span>
     <span class='ocr_line' id='line_1_48' title="bbox 198 2111 1265 2152; baseline -0.002 -6"><span class='ocrx_word' id='word_1_420' title='bbox 198 2118 289 2147; x_wconf 87' lang='lat' dir='ltr'>animi</span> <span class='ocrx_word' id='word_1_421' title='bbox 308 2115 393 2146; x_wconf 86' lang='lat' dir='ltr'>vestri</span> <span class='ocrx_word' id='word_1_422' title='bbox 413 2115 630 2152; x_wconf 82' lang='lat' dir='ltr'>propenlionem</span> <span class='ocrx_word' id='word_1_423' title='bbox 650 2122 701 2141; x_wconf 91' lang='lat' dir='ltr'>nos</span> <span class='ocrx_word' id='word_1_424' title='bbox 717 2111 815 2141; x_wconf 90' lang='lat' dir='ltr'>nostro</span> <span class='ocrx_word' id='word_1_425' title='bbox 834 2121 951 2149; x_wconf 87' lang='lat' dir='ltr'>quoque</span> <span class='ocrx_word' id='word_1_426' title='bbox 969 2111 1091 2142; x_wconf 84' lang='lat' dir='ltr'>viciffim</span> <span class='ocrx_word' id='word_1_427' title='bbox 1111 2113 1210 2144; x_wconf 86' lang='lat' dir='ltr'>favore</span> <span class='ocrx_word' id='word_1_428' title='bbox 1232 2114 1265 2143; x_wconf 93' lang='lat' dir='ltr'>li-</span> 
     </span>
     <span class='ocr_line' id='line_1_49' title="bbox 197 2149 1266 2194; baseline -0.002 -10"><span class='ocrx_word' id='word_1_429' title='bbox 197 2155 297 2186; x_wconf 82' lang='lat' dir='ltr'>benter</span> <span class='ocrx_word' id='word_1_430' title='bbox 312 2154 519 2194; x_wconf 76' lang='lat' dir='ltr'>prosequimur.</span> <span class='ocrx_word' id='word_1_431' title='bbox 554 2150 591 2193; x_wconf 54' lang='lat' dir='ltr'>‚Es</span> <span class='ocrx_word' id='word_1_432' title='bbox 614 2150 742 2180; x_wconf 86' lang='lat' dir='ltr'>universo</span> <span class='ocrx_word' id='word_1_433' title='bbox 759 2150 859 2180; x_wconf 85' lang='lat' dir='ltr'>vestrae</span> <span class='ocrx_word' id='word_1_434' title='bbox 878 2149 1037 2189; x_wconf 82' lang='lat' dir='ltr'>Religionis</span> <span class='ocrx_word' id='word_1_435' title='bbox 1057 2151 1163 2182; x_wconf 88' lang='lat' dir='ltr'>Ordini</span> <span class='ocrx_word' id='word_1_436' title='bbox 1178 2175 1188 2190; x_wconf 88' lang='lat'>,</span> <span class='ocrx_word' id='word_1_437' title='bbox 1214 2162 1266 2189; x_wconf 77' lang='lat' dir='ltr'>pro</span> 
     </span>
     <span class='ocr_line' id='line_1_50' title="bbox 196 2188 1268 2228; baseline -0.003 -5"><span class='ocrx_word' id='word_1_438' title='bbox 196 2193 296 2224; x_wconf 86' lang='lat' dir='ltr'>nostro</span> <span class='ocrx_word' id='word_1_439' title='bbox 314 2195 343 2224; x_wconf 86' lang='lat' dir='ltr'>in</span> <span class='ocrx_word' id='word_1_440' title='bbox 362 2202 389 2222; x_wconf 85' lang='lat' dir='ltr'>re</span> <span class='ocrx_word' id='word_1_441' title='bbox 407 2190 566 2221; x_wconf 73' lang='lat' dir='ltr'>Christi-ma</span> <span class='ocrx_word' id='word_1_442' title='bbox 581 2188 691 2226; x_wconf 86' lang='lat' dir='ltr'>studio,</span> <span class='ocrx_word' id='word_1_443' title='bbox 711 2190 747 2218; x_wconf 89' lang='lat' dir='ltr'>ita</span> <span class='ocrx_word' id='word_1_444' title='bbox 764 2189 907 2226; x_wconf 69' lang='lat' dir='ltr'>favemus,</span> <span class='ocrx_word' id='word_1_445' title='bbox 928 2198 957 2219; x_wconf 93' lang='lat' dir='ltr'>ut</span> <span class='ocrx_word' id='word_1_446' title='bbox 973 2189 1088 2227; x_wconf 77' lang='lat' dir='ltr'>quando</span> <span class='ocrx_word' id='word_1_447' title='bbox 1108 2191 1140 2222; x_wconf 91' lang='lat'>&amp;</span> <span class='ocrx_word' id='word_1_448' title='bbox 1157 2192 1268 2228; x_wconf 84' lang='lat' dir='ltr'>quoties</span> 
     </span>
     <span class='ocr_line' id='line_1_51' title="bbox 199 2227 1268 2295; baseline -0.004 -32"><span class='ocrx_word' id='word_1_449' title='bbox 199 2233 301 2263; x_wconf 86' lang='lat' dir='ltr'>idonea</span> <span class='ocrx_word' id='word_1_450' title='bbox 319 2233 406 2262; x_wconf 85' lang='lat' dir='ltr'>fuerit</span> <span class='ocrx_word' id='word_1_451' title='bbox 425 2229 623 2268; x_wconf 78' lang='lat' dir='ltr'>opportunitas</span> <span class='ocrx_word' id='word_1_452' title='bbox 642 2250 651 2265; x_wconf 95' lang='lat'>,</span> <span class='ocrx_word' id='word_1_453' title='bbox 679 2228 740 2265; x_wconf 88' lang='lat' dir='ltr'>ejus</span> <span class='ocrx_word' id='word_1_454' title='bbox 765 2237 819 2258; x_wconf 89' lang='lat' dir='ltr'>nec</span> <span class='ocrx_word' id='word_1_455' title='bbox 838 2227 966 2295; x_wconf 47' lang='lat' dir='ltr'>digtnitati</span> <span class='ocrx_word' id='word_1_456' title='bbox 988 2238 1041 2258; x_wconf 90' lang='lat' dir='ltr'>nec</span> <span class='ocrx_word' id='word_1_457' title='bbox 1063 2230 1268 2260; x_wconf 82' lang='lat' dir='ltr'>commoditati</span> 
     </span>
     <span class='ocr_line' id='line_1_52' title="bbox 197 2266 1261 2305; baseline -0.004 -3"><span class='ocrx_word' id='word_1_458' title='bbox 197 2271 337 2302; x_wconf 65' lang='lat' dir='ltr'>denitur-„e</span> <span class='ocrx_word' id='word_1_459' title='bbox 358 2269 451 2300; x_wconf 86' lang='lat' dir='ltr'>simus.</span> <span class='ocrx_word' id='word_1_460' title='bbox 470 2267 551 2297; x_wconf 78' lang='lat' dir='ltr'>Ctiiii</span> <span class='ocrx_word' id='word_1_461' title='bbox 571 2277 624 2295; x_wconf 83' lang='lat' dir='ltr'>nos</span> <span class='ocrx_word' id='word_1_462' title='bbox 648 2267 682 2296; x_wconf 87' lang='lat' dir='ltr'>ad</span> <span class='ocrx_word' id='word_1_463' title='bbox 705 2266 799 2305; x_wconf 84' lang='lat' dir='ltr'>Regni</span> <span class='ocrx_word' id='word_1_464' title='bbox 826 2269 878 2295; x_wconf 79' lang='lat' dir='ltr'>noi</span> <span class='ocrx_word' id='word_1_465' title='bbox 894 2267 914 2295; x_wconf 89' lang='lat' dir='ltr'>ri</span> <span class='ocrx_word' id='word_1_466' title='bbox 940 2267 1129 2305; x_wconf 85' lang='lat' dir='ltr'>gubernacula</span> <span class='ocrx_word' id='word_1_467' title='bbox 1146 2268 1261 2299; x_wconf 77' lang='lat' dir='ltr'>accessi-</span> 
     </span>
     <span class='ocr_line' id='line_1_53' title="bbox 196 2305 1261 2348; baseline -0.003 -8"><span class='ocrx_word' id='word_1_468' title='bbox 196 2320 278 2348; x_wconf 89' lang='lat' dir='ltr'>mus,</span> <span class='ocrx_word' id='word_1_469' title='bbox 298 2308 442 2339; x_wconf 87' lang='lat' dir='ltr'>Ordinem</span> <span class='ocrx_word' id='word_1_470' title='bbox 460 2305 586 2337; x_wconf 85' lang='lat' dir='ltr'>vestrum</span> <span class='ocrx_word' id='word_1_471' title='bbox 605 2306 633 2334; x_wconf 89' lang='lat' dir='ltr'>in</span> <span class='ocrx_word' id='word_1_472' title='bbox 655 2305 757 2343; x_wconf 72' lang='lat' dir='ltr'>Anglia</span> <span class='ocrx_word' id='word_1_473' title='bbox 770 2328 779 2342; x_wconf 86' lang='lat'>,</span> <span class='ocrx_word' id='word_1_474' title='bbox 805 2314 971 2342; x_wconf 89' lang='lat' dir='ltr'>temporum</span> <span class='ocrx_word' id='word_1_475' title='bbox 991 2305 1168 2344; x_wconf 83' lang='lat' dir='ltr'>superiorum</span> <span class='ocrx_word' id='word_1_476' title='bbox 1187 2307 1261 2345; x_wconf 82' lang='lat' dir='ltr'>inju-</span> 
     </span>
     <span class='ocr_line' id='line_1_54' title="bbox 195 2344 1261 2386; baseline -0.004 -7"><span class='ocrx_word' id='word_1_477' title='bbox 195 2347 234 2379; x_wconf 69' lang='lat' dir='ltr'>rifi</span> <span class='ocrx_word' id='word_1_478' title='bbox 252 2371 261 2386; x_wconf 93' lang='lat'>,</span> <span class='ocrx_word' id='word_1_479' title='bbox 286 2347 435 2378; x_wconf 88' lang='lat' dir='ltr'>concisum</span> <span class='ocrx_word' id='word_1_480' title='bbox 461 2345 583 2375; x_wconf 78' lang='lat' dir='ltr'>omnino</span> <span class='ocrx_word' id='word_1_481' title='bbox 610 2344 642 2374; x_wconf 71' lang='grc' dir='ltr'>ὃ(</span> <span class='ocrx_word' id='word_1_482' title='bbox 664 2344 847 2382; x_wconf 83' lang='lat' dir='ltr'>profligatum</span> <span class='ocrx_word' id='word_1_483' title='bbox 868 2345 1038 2375; x_wconf 84' lang='lat' dir='ltr'>invenimus.</span> <span class='ocrx_word' id='word_1_484' title='bbox 1079 2345 1148 2376; x_wconf 90' lang='lat' dir='ltr'>Nos</span> <span class='ocrx_word' id='word_1_485' title='bbox 1166 2347 1261 2382; x_wconf 86' lang='lat' dir='ltr'>primo</span> 
     </span>
     <span class='ocr_line' id='line_1_55' title="bbox 195 2381 1261 2425; baseline -0.003 -8"><span class='ocrx_word' id='word_1_486' title='bbox 195 2397 313 2425; x_wconf 82' lang='lat' dir='ltr'>quoque</span> <span class='ocrx_word' id='word_1_487' title='bbox 330 2393 477 2423; x_wconf 90' lang='lat' dir='ltr'>tempore,</span> <span class='ocrx_word' id='word_1_488' title='bbox 496 2383 594 2413; x_wconf 84' lang='lat' dir='ltr'>libenti</span> <span class='ocrx_word' id='word_1_489' title='bbox 609 2381 709 2412; x_wconf 88' lang='lat' dir='ltr'>nostro</span> <span class='ocrx_word' id='word_1_490' title='bbox 722 2384 836 2420; x_wconf 88' lang='lat' dir='ltr'>animo,</span> <span class='ocrx_word' id='word_1_491' title='bbox 855 2392 922 2411; x_wconf 91' lang='lat' dir='ltr'>cum</span> <span class='ocrx_word' id='word_1_492' title='bbox 939 2383 1075 2414; x_wconf 90' lang='lat' dir='ltr'>consensu</span> <span class='ocrx_word' id='word_1_493' title='bbox 1090 2384 1261 2414; x_wconf 83' lang='lat' dir='ltr'>Sereniilimi</span> 
     </span>
     <span class='ocr_line' id='line_1_56' title="bbox 194 2420 1257 2463; baseline -0.004 -7"><span class='ocrx_word' id='word_1_494' title='bbox 194 2425 336 2463; x_wconf 86' lang='lat' dir='ltr'>Principis</span> <span class='ocrx_word' id='word_1_495' title='bbox 363 2424 488 2455; x_wconf 87' lang='lat' dir='ltr'>Domini</span> <span class='ocrx_word' id='word_1_496' title='bbox 506 2423 538 2452; x_wconf 86' lang='lat'>&amp;</span> <span class='ocrx_word' id='word_1_497' title='bbox 559 2420 698 2459; x_wconf 75' lang='lat' dir='ltr'>Coniugis</span> <span class='ocrx_word' id='word_1_498' title='bbox 724 2420 811 2450; x_wconf 90' lang='lat' dir='ltr'>nostri</span> <span class='ocrx_word' id='word_1_499' title='bbox 830 2420 1009 2459; x_wconf 77' lang='lat' dir='ltr'>charissimi,</span> <span class='ocrx_word' id='word_1_500' title='bbox 1046 2432 1114 2452; x_wconf 89' lang='lat' dir='ltr'>cum</span> <span class='ocrx_word' id='word_1_501' title='bbox 1138 2423 1257 2453; x_wconf 86' lang='lat' dir='ltr'>consilio</span> 
     </span>
     <span class='ocr_line' id='line_1_57' title="bbox 196 2459 1257 2499; baseline -0.003 -5"><span class='ocrx_word' id='word_1_502' title='bbox 196 2464 230 2494; x_wconf 83' lang='lat'>&amp;</span> <span class='ocrx_word' id='word_1_503' title='bbox 247 2465 414 2495; x_wconf 77' lang='lat' dir='ltr'>authoritate</span> <span class='ocrx_word' id='word_1_504' title='bbox 435 2460 673 2491; x_wconf 81' lang='lat' dir='ltr'>Reverendiffimi</span> <span class='ocrx_word' id='word_1_505' title='bbox 690 2459 846 2490; x_wconf 85' lang='lat' dir='ltr'>Cardinalis</span> <span class='ocrx_word' id='word_1_506' title='bbox 866 2459 928 2490; x_wconf 84' lang='lat' dir='ltr'>Poli</span> <span class='ocrx_word' id='word_1_507' title='bbox 946 2483 955 2498; x_wconf 93' lang='lat'>,</span> <span class='ocrx_word' id='word_1_508' title='bbox 982 2461 1126 2499; x_wconf 80' lang='lat' dir='ltr'>primum,</span> <span class='ocrx_word' id='word_1_509' title='bbox 1143 2462 1257 2491; x_wconf 93' lang='lat' dir='ltr'>nomini</span> 
     </span>
     <span class='ocr_line' id='line_1_58' title="bbox 195 2497 1258 2540; baseline -0.003 -7"><span class='ocrx_word' id='word_1_510' title='bbox 195 2503 280 2534; x_wconf 77' lang='lat' dir='ltr'>vestri</span> <span class='ocrx_word' id='word_1_511' title='bbox 296 2502 414 2532; x_wconf 85' lang='lat' dir='ltr'>Ordinis</span> <span class='ocrx_word' id='word_1_512' title='bbox 434 2499 598 2540; x_wconf 79' lang='lat' dir='ltr'>dignitatem</span> <span class='ocrx_word' id='word_1_513' title='bbox 618 2497 767 2534; x_wconf 89' lang='lat' dir='ltr'>pristinam</span> <span class='ocrx_word' id='word_1_514' title='bbox 784 2499 816 2529; x_wconf 71' lang='grc' dir='ltr'>ἃ</span> <span class='ocrx_word' id='word_1_515' title='bbox 839 2507 931 2528; x_wconf 84' lang='lat' dir='ltr'>vetera</span> <span class='ocrx_word' id='word_1_516' title='bbox 949 2508 1116 2530; x_wconf 85' lang='lat' dir='ltr'>ornamenta</span> <span class='ocrx_word' id='word_1_517' title='bbox 1131 2522 1140 2537; x_wconf 87' lang='lat'>,</span> <span class='ocrx_word' id='word_1_518' title='bbox 1155 2499 1258 2530; x_wconf 89' lang='lat' dir='ltr'>deinde</span> 
     </span>
     <span class='ocr_line' id='line_1_59' title="bbox 195 2537 1257 2576; baseline -0.004 -4"><span class='ocrx_word' id='word_1_519' title='bbox 195 2542 326 2572; x_wconf 76' lang='lat' dir='ltr'>utilitates</span> <span class='ocrx_word' id='word_1_520' title='bbox 351 2551 394 2570; x_wconf 89' lang='lat' dir='ltr'>eas</span> <span class='ocrx_word' id='word_1_521' title='bbox 421 2540 454 2569; x_wconf 70' lang='grc' dir='ltr'>ὃ(</span> <span class='ocrx_word' id='word_1_522' title='bbox 479 2537 546 2575; x_wconf 73' lang='lat' dir='ltr'>justa</span> <span class='ocrx_word' id='word_1_523' title='bbox 563 2537 760 2567; x_wconf 84' lang='lat' dir='ltr'>emolumenta</span> <span class='ocrx_word' id='word_1_524' title='bbox 780 2546 972 2574; x_wconf 61' lang='lat' dir='ltr'>quaecumque</span> <span class='ocrx_word' id='word_1_525' title='bbox 990 2538 1017 2567; x_wconf 89' lang='lat' dir='ltr'>in</span> <span class='ocrx_word' id='word_1_526' title='bbox 1037 2537 1135 2568; x_wconf 67' lang='lat' dir='ltr'>nostra</span> <span class='ocrx_word' id='word_1_527' title='bbox 1154 2539 1257 2576; x_wconf 85' lang='lat' dir='ltr'>posles-</span> 
     </span>
     <span class='ocr_line' id='line_1_60' title="bbox 198 2575 1258 2618; baseline -0.002 -8"><span class='ocrx_word' id='word_1_528' title='bbox 198 2581 276 2610; x_wconf 89' lang='lat' dir='ltr'>sione</span> <span class='ocrx_word' id='word_1_529' title='bbox 289 2581 346 2618; x_wconf 85' lang='lat' dir='ltr'>jam</span> <span class='ocrx_word' id='word_1_530' title='bbox 368 2579 469 2616; x_wconf 79' lang='lat' dir='ltr'>reliqua</span> <span class='ocrx_word' id='word_1_531' title='bbox 486 2576 616 2617; x_wconf 66' lang='lat' dir='ltr'>fuerunt,</span> <span class='ocrx_word' id='word_1_532' title='bbox 636 2575 806 2605; x_wconf 79' lang='lat' dir='ltr'>restituenda</span> <span class='ocrx_word' id='word_1_533' title='bbox 827 2577 1004 2607; x_wconf 80' lang='lat' dir='ltr'>curavimus:</span> <span class='ocrx_word' id='word_1_534' title='bbox 1024 2577 1102 2613; x_wconf 79' lang='lat' dir='ltr'>Quae</span> <span class='ocrx_word' id='word_1_535' title='bbox 1120 2586 1258 2608; x_wconf 88' lang='lat' dir='ltr'>commo-</span> 
     </span>
     <span class='ocr_line' id='line_1_61' title="bbox 196 2613 1258 2657; baseline -0.001 -9"><span class='ocrx_word' id='word_1_536' title='bbox 196 2620 301 2648; x_wconf 88' lang='lat' dir='ltr'>dorum</span> <span class='ocrx_word' id='word_1_537' title='bbox 321 2619 418 2657; x_wconf 68' lang='lat' dir='ltr'>exigua</span> <span class='ocrx_word' id='word_1_538' title='bbox 438 2615 555 2653; x_wconf 85' lang='lat' dir='ltr'>quidem</span> <span class='ocrx_word' id='word_1_539' title='bbox 573 2616 623 2651; x_wconf 84' lang='lat' dir='ltr'>(lic</span> <span class='ocrx_word' id='word_1_540' title='bbox 643 2615 706 2644; x_wconf 77' lang='lat' dir='ltr'>haec</span> <span class='ocrx_word' id='word_1_541' title='bbox 728 2624 853 2652; x_wconf 75' lang='lat' dir='ltr'>tempora</span> <span class='ocrx_word' id='word_1_542' title='bbox 869 2613 994 2652; x_wconf 90' lang='lat' dir='ltr'>fuerunt)</span> <span class='ocrx_word' id='word_1_543' title='bbox 1013 2617 1091 2646; x_wconf 86' lang='lat' dir='ltr'>mitia</span> <span class='ocrx_word' id='word_1_544' title='bbox 1107 2638 1116 2654; x_wconf 91' lang='lat'>,</span> <span class='ocrx_word' id='word_1_545' title='bbox 1136 2617 1258 2655; x_wconf 83' lang='lat' dir='ltr'>majora,</span> 
     </span>
     <span class='ocr_line' id='line_1_62' title="bbox 195 2653 1259 2694; baseline 0.001 -9"><span class='ocrx_word' id='word_1_546' title='bbox 195 2658 237 2688; x_wconf 82' lang='lat' dir='ltr'>uti</span> <span class='ocrx_word' id='word_1_547' title='bbox 257 2657 414 2692; x_wconf 75' lang='lat' dir='ltr'>speramus,</span> <span class='ocrx_word' id='word_1_548' title='bbox 431 2656 603 2684; x_wconf 77' lang='lat' dir='ltr'>incrementa</span> <span class='ocrx_word' id='word_1_549' title='bbox 622 2653 702 2682; x_wconf 88' lang='lat' dir='ltr'>brevi</span> <span class='ocrx_word' id='word_1_550' title='bbox 720 2653 937 2691; x_wconf 74' lang='lat' dir='ltr'>consequentur.</span> <span class='ocrx_word' id='word_1_551' title='bbox 957 2653 995 2685; x_wconf 87' lang='lat' dir='ltr'>Et</span> <span class='ocrx_word' id='word_1_552' title='bbox 1019 2656 1084 2694; x_wconf 86' lang='lat' dir='ltr'>quia</span> <span class='ocrx_word' id='word_1_553' title='bbox 1101 2654 1135 2685; x_wconf 91' lang='lat' dir='ltr'>ad</span> <span class='ocrx_word' id='word_1_554' title='bbox 1153 2665 1205 2685; x_wconf 88' lang='lat' dir='ltr'>nos</span> <span class='ocrx_word' id='word_1_555' title='bbox 1221 2657 1259 2686; x_wconf 86' lang='lat' dir='ltr'>al-</span> 
     </span>
     <span class='ocr_line' id='line_1_63' title="bbox 195 2692 1260 2732; baseline 0 -7"><span class='ocrx_word' id='word_1_556' title='bbox 195 2697 284 2727; x_wconf 83' lang='lat' dir='ltr'>latum</span> <span class='ocrx_word' id='word_1_557' title='bbox 299 2695 356 2732; x_wconf 83' lang='lat' dir='ltr'>est,</span> <span class='ocrx_word' id='word_1_558' title='bbox 376 2693 472 2723; x_wconf 88' lang='lat' dir='ltr'>multis</span> <span class='ocrx_word' id='word_1_559' title='bbox 486 2693 541 2722; x_wconf 71' lang='lat' dir='ltr'>ess:</span> <span class='ocrx_word' id='word_1_560' title='bbox 560 2698 669 2720; x_wconf 78' lang='lat' dir='ltr'>nictum</span> <span class='ocrx_word' id='word_1_561' title='bbox 686 2692 839 2729; x_wconf 60' lang='lat' dir='ltr'>iniesluni,</span> <span class='ocrx_word' id='word_1_562' title='bbox 863 2693 1009 2731; x_wconf 84' lang='lat' dir='ltr'>ingentem</span> <span class='ocrx_word' id='word_1_563' title='bbox 1022 2694 1081 2725; x_wconf 89' lang='lat' dir='ltr'>hoc</span> <span class='ocrx_word' id='word_1_564' title='bbox 1096 2704 1173 2725; x_wconf 87' lang='lat' dir='ltr'>anno</span> <span class='ocrx_word' id='word_1_565' title='bbox 1182 2694 1260 2725; x_wconf 91' lang='lat' dir='ltr'>Tur-</span> 
     </span>
     <span class='ocr_line' id='line_1_64' title="bbox 195 2729 1258 2772; baseline -0.001 -8"><span class='ocrx_word' id='word_1_566' title='bbox 195 2736 289 2764; x_wconf 86' lang='lat' dir='ltr'>cicam</span> <span class='ocrx_word' id='word_1_567' title='bbox 306 2734 366 2762; x_wconf 90' lang='lat' dir='ltr'>vim</span> <span class='ocrx_word' id='word_1_568' title='bbox 378 2755 386 2768; x_wconf 92' lang='lat'>,</span> <span class='ocrx_word' id='word_1_569' title='bbox 405 2740 503 2761; x_wconf 88' lang='lat' dir='ltr'>contra</span> <span class='ocrx_word' id='word_1_570' title='bbox 522 2739 573 2760; x_wconf 88' lang='lat' dir='ltr'>vos</span> <span class='ocrx_word' id='word_1_571' title='bbox 587 2731 619 2760; x_wconf 73' lang='grc' dir='ltr'>ὃε</span> <span class='ocrx_word' id='word_1_572' title='bbox 634 2729 829 2760; x_wconf 83' lang='lat' dir='ltr'>Christianum</span> <span class='ocrx_word' id='word_1_573' title='bbox 845 2741 971 2770; x_wconf 88' lang='lat' dir='ltr'>nomen,</span> <span class='ocrx_word' id='word_1_574' title='bbox 991 2733 1023 2761; x_wconf 90' lang='lat' dir='ltr'>iri</span> <span class='ocrx_word' id='word_1_575' title='bbox 1038 2741 1258 2772; x_wconf 89' lang='lat' dir='ltr'>comparatum,</span> 
     </span>
     <span class='ocr_line' id='line_1_65' title="bbox 195 2768 1257 2809; baseline -0.001 -7"><span class='ocrx_word' id='word_1_576' title='bbox 195 2772 357 2804; x_wconf 74' lang='lat' dir='ltr'>facultatem</span> <span class='ocrx_word' id='word_1_577' title='bbox 371 2770 560 2800; x_wconf 76' lang='lat' dir='ltr'>concellimus</span> <span class='ocrx_word' id='word_1_578' title='bbox 584 2769 665 2798; x_wconf 82' lang='lat' dir='ltr'>certis</span> <span class='ocrx_word' id='word_1_579' title='bbox 685 2769 781 2807; x_wconf 80' lang='lat' dir='ltr'>Anglis</span> <span class='ocrx_word' id='word_1_580' title='bbox 798 2768 951 2805; x_wconf 80' lang='lat' dir='ltr'>Equitibus</span> <span class='ocrx_word' id='word_1_581' title='bbox 973 2770 1057 2800; x_wconf 81' lang='lat' dir='ltr'>vestri</span> <span class='ocrx_word' id='word_1_582' title='bbox 1074 2771 1207 2809; x_wconf 82' lang='lat' dir='ltr'>Ordinis,</span> <span class='ocrx_word' id='word_1_583' title='bbox 1226 2781 1257 2803; x_wconf 89' lang='lat' dir='ltr'>ut</span> 
     </span>
     <span class='ocr_line' id='line_1_66' title="bbox 195 2806 1256 2848; baseline -0.001 -7"><span class='ocrx_word' id='word_1_584' title='bbox 195 2812 228 2841; x_wconf 77' lang='lat' dir='ltr'>ad</span> <span class='ocrx_word' id='word_1_585' title='bbox 248 2822 299 2841; x_wconf 90' lang='lat' dir='ltr'>vos</span> <span class='ocrx_word' id='word_1_586' title='bbox 314 2811 392 2840; x_wconf 87' lang='lat' dir='ltr'>brevi</span> <span class='ocrx_word' id='word_1_587' title='bbox 409 2809 630 2846; x_wconf 66' lang='lat' dir='ltr'>proficilcantur.</span> <span class='ocrx_word' id='word_1_588' title='bbox 648 2806 744 2843; x_wconf 80' lang='lat' dir='ltr'>Itaque</span> <span class='ocrx_word' id='word_1_589' title='bbox 760 2815 789 2835; x_wconf 92' lang='lat' dir='ltr'>ut</span> <span class='ocrx_word' id='word_1_590' title='bbox 805 2806 1019 2845; x_wconf 86' lang='lat' dir='ltr'>Turcopolerio</span> <span class='ocrx_word' id='word_1_591' title='bbox 1034 2831 1043 2846; x_wconf 88' lang='lat'>,</span> <span class='ocrx_word' id='word_1_592' title='bbox 1069 2809 1125 2840; x_wconf 87' lang='lat' dir='ltr'>sive</span> <span class='ocrx_word' id='word_1_593' title='bbox 1142 2810 1200 2848; x_wconf 81' lang='lat' dir='ltr'>ejus</span> <span class='ocrx_word' id='word_1_594' title='bbox 1213 2810 1256 2840; x_wconf 91' lang='lat' dir='ltr'>lo-</span> 
     </span>
     <span class='ocr_line' id='line_1_67' title="bbox 195 2845 1255 2886; baseline -0.001 -6"><span class='ocrx_word' id='word_1_595' title='bbox 195 2849 372 2880; x_wconf 82' lang='lat' dir='ltr'>cumtenenti</span> <span class='ocrx_word' id='word_1_596' title='bbox 388 2870 397 2884; x_wconf 87' lang='lat'>,</span> <span class='ocrx_word' id='word_1_597' title='bbox 420 2848 452 2878; x_wconf 66' lang='grc' dir='ltr'>ὃς</span> <span class='ocrx_word' id='word_1_598' title='bbox 476 2846 519 2875; x_wconf 91' lang='lat' dir='ltr'>his</span> <span class='ocrx_word' id='word_1_599' title='bbox 536 2868 545 2883; x_wconf 89' lang='lat'>,</span> <span class='ocrx_word' id='word_1_600' title='bbox 569 2854 640 2882; x_wconf 86' lang='lat' dir='ltr'>quos</span> <span class='ocrx_word' id='word_1_601' title='bbox 663 2846 803 2875; x_wconf 87' lang='lat' dir='ltr'>mittimus</span> <span class='ocrx_word' id='word_1_602' title='bbox 824 2845 972 2884; x_wconf 86' lang='lat' dir='ltr'>Equitibus</span> <span class='ocrx_word' id='word_1_603' title='bbox 995 2847 1110 2886; x_wconf 86' lang='lat' dir='ltr'>Anglis,</span> <span class='ocrx_word' id='word_1_604' title='bbox 1129 2858 1197 2878; x_wconf 90' lang='lat' dir='ltr'>eum</span> <span class='ocrx_word' id='word_1_605' title='bbox 1213 2849 1255 2879; x_wconf 86' lang='lat' dir='ltr'>lo-</span> 
     </span>
     <span class='ocr_line' id='line_1_68' title="bbox 195 2884 1254 2926; baseline 0.001 -10"><span class='ocrx_word' id='word_1_606' title='bbox 195 2899 280 2925; x_wconf 65' lang='lat' dir='ltr'>cum,</span> <span class='ocrx_word' id='word_1_607' title='bbox 301 2888 447 2923; x_wconf 77' lang='lat' dir='ltr'>favorem,</span> <span class='ocrx_word' id='word_1_608' title='bbox 466 2885 682 2922; x_wconf 65' lang='lat' dir='ltr'>praerogativas,</span> <span class='ocrx_word' id='word_1_609' title='bbox 702 2885 734 2914; x_wconf 86' lang='lat'>&amp;</span> <span class='ocrx_word' id='word_1_610' title='bbox 751 2884 896 2926; x_wconf 79' lang='lat' dir='ltr'>privilegia</span> <span class='ocrx_word' id='word_1_611' title='bbox 910 2885 1037 2916; x_wconf 87' lang='lat' dir='ltr'>deferatis</span> <span class='ocrx_word' id='word_1_612' title='bbox 1053 2908 1062 2923; x_wconf 91' lang='lat'>,</span> <span class='ocrx_word' id='word_1_613' title='bbox 1090 2896 1154 2924; x_wconf 83' lang='lat' dir='ltr'>quae</span> <span class='ocrx_word' id='word_1_614' title='bbox 1174 2887 1254 2924; x_wconf 88' lang='lat' dir='ltr'>supe-</span> 
     </span>
     <span class='ocr_line' id='line_1_69' title="bbox 195 2922 1254 2964; baseline -0.002 -7"><span class='ocrx_word' id='word_1_615' title='bbox 195 2928 314 2957; x_wconf 85' lang='lat' dir='ltr'>rioribus</span> <span class='ocrx_word' id='word_1_616' title='bbox 327 2925 423 2962; x_wconf 83' lang='lat' dir='ltr'>annis,</span> <span class='ocrx_word' id='word_1_617' title='bbox 441 2923 610 2953; x_wconf 85' lang='lat' dir='ltr'>nostratibus</span> <span class='ocrx_word' id='word_1_618' title='bbox 624 2922 750 2952; x_wconf 85' lang='lat' dir='ltr'>exhiberi</span> <span class='ocrx_word' id='word_1_619' title='bbox 772 2922 850 2952; x_wconf 73' lang='lat' dir='ltr'>tolita</span> <span class='ocrx_word' id='word_1_620' title='bbox 871 2922 949 2961; x_wconf 90' lang='lat' dir='ltr'>sunt,</span> <span class='ocrx_word' id='word_1_621' title='bbox 970 2924 1131 2954; x_wconf 76' lang='lat' dir='ltr'>admodum</span> <span class='ocrx_word' id='word_1_622' title='bbox 1155 2927 1254 2964; x_wconf 84' lang='lat' dir='ltr'>postu-</span> 
     </span>
     <span class='ocr_line' id='line_1_70' title="bbox 192 2960 1256 3003; baseline -0.001 -9"><span class='ocrx_word' id='word_1_623' title='bbox 192 2966 293 2996; x_wconf 84' lang='lat' dir='ltr'>lamus.</span> <span class='ocrx_word' id='word_1_624' title='bbox 312 2965 367 2995; x_wconf 87' lang='lat' dir='ltr'>Sed</span> <span class='ocrx_word' id='word_1_625' title='bbox 381 2964 416 2993; x_wconf 91' lang='lat' dir='ltr'>de</span> <span class='ocrx_word' id='word_1_626' title='bbox 430 2963 485 2992; x_wconf 88' lang='lat' dir='ltr'>hac</span> <span class='ocrx_word' id='word_1_627' title='bbox 502 2960 647 2999; x_wconf 76' lang='lat' dir='ltr'>re,deque</span> <span class='ocrx_word' id='word_1_628' title='bbox 662 2960 755 3002; x_wconf 65' lang='lat' dir='ltr'>nostra</span> <span class='ocrx_word' id='word_1_629' title='bbox 771 2961 835 2997; x_wconf 77' lang='lat' dir='ltr'>erga</span> <span class='ocrx_word' id='word_1_630' title='bbox 852 2971 903 2991; x_wconf 91' lang='lat' dir='ltr'>vos</span> <span class='ocrx_word' id='word_1_631' title='bbox 919 2963 1177 3002; x_wconf 73' lang='lat' dir='ltr'>benevolentizl,&amp;</span> <span class='ocrx_word' id='word_1_632' title='bbox 1192 2973 1256 3003; x_wconf 81' lang='lat' dir='ltr'>erga</span> 
     </span>
     <span class='ocr_line' id='line_1_71' title="bbox 196 2999 1256 3041; baseline -0.001 -6"><span class='ocrx_word' id='word_1_633' title='bbox 196 3004 317 3034; x_wconf 85' lang='lat' dir='ltr'>vestram</span> <span class='ocrx_word' id='word_1_634' title='bbox 343 3002 530 3038; x_wconf 70' lang='lat' dir='ltr'>Religionem</span> <span class='ocrx_word' id='word_1_635' title='bbox 557 2999 649 3029; x_wconf 83' lang='lat' dir='ltr'>studio</span> <span class='ocrx_word' id='word_1_636' title='bbox 664 3022 674 3037; x_wconf 90' lang='lat'>,</span> <span class='ocrx_word' id='word_1_637' title='bbox 698 2999 783 3029; x_wconf 63' lang='lat' dir='ltr'>furius</span> <span class='ocrx_word' id='word_1_638' title='bbox 804 3001 852 3029; x_wconf 85' lang='lat' dir='ltr'>suo</span> <span class='ocrx_word' id='word_1_639' title='bbox 867 3000 998 3032; x_wconf 86' lang='lat' dir='ltr'>sermone</span> <span class='ocrx_word' id='word_1_640' title='bbox 1012 3001 1122 3033; x_wconf 87' lang='lat' dir='ltr'>Balinus</span> <span class='ocrx_word' id='word_1_641' title='bbox 1143 3004 1256 3041; x_wconf 80' lang='lat' dir='ltr'>Aquilae</span> 
     </span>
     <span class='ocr_line' id='line_1_72' title="bbox 194 3037 1254 3080; baseline -0.002 -6"><span class='ocrx_word' id='word_1_642' title='bbox 194 3043 355 3075; x_wconf 80' lang='lat' dir='ltr'>declarabit.</span> <span class='ocrx_word' id='word_1_643' title='bbox 389 3041 448 3077; x_wconf 86' lang='lat' dir='ltr'>Qui</span> <span class='ocrx_word' id='word_1_644' title='bbox 473 3047 645 3076; x_wconf 82' lang='lat' dir='ltr'>quamquam</span> <span class='ocrx_word' id='word_1_645' title='bbox 667 3040 697 3068; x_wconf 90' lang='lat' dir='ltr'>in</span> <span class='ocrx_word' id='word_1_646' title='bbox 723 3037 889 3075; x_wconf 81' lang='lat' dir='ltr'>Hispaniam</span> <span class='ocrx_word' id='word_1_647' title='bbox 906 3062 916 3077; x_wconf 85' lang='lat'>,</span> <span class='ocrx_word' id='word_1_648' title='bbox 935 3040 1030 3070; x_wconf 90' lang='lat' dir='ltr'>vestro</span> <span class='ocrx_word' id='word_1_649' title='bbox 1047 3041 1201 3080; x_wconf 82' lang='lat' dir='ltr'>mandato,</span> <span class='ocrx_word' id='word_1_650' title='bbox 1220 3043 1254 3073; x_wconf 91' lang='lat' dir='ltr'>ad</span> 
     </span>
     <span class='ocr_line' id='line_1_73' title="bbox 194 3077 1254 3120; baseline 0.001 -10"><span class='ocrx_word' id='word_1_651' title='bbox 194 3079 374 3120; x_wconf 80' lang='lat' dir='ltr'>procuranda</span> <span class='ocrx_word' id='word_1_652' title='bbox 397 3077 498 3108; x_wconf 67' lang='lat' dir='ltr'>vestra:</span> <span class='ocrx_word' id='word_1_653' title='bbox 523 3077 683 3115; x_wconf 80' lang='lat' dir='ltr'>Religionis</span> <span class='ocrx_word' id='word_1_654' title='bbox 709 3085 782 3106; x_wconf 82' lang='lat' dir='ltr'>certa</span> <span class='ocrx_word' id='word_1_655' title='bbox 801 3079 932 3115; x_wconf 74' lang='lat' dir='ltr'>negotia,</span> <span class='ocrx_word' id='word_1_656' title='bbox 948 3079 1010 3116; x_wconf 89' lang='lat' dir='ltr'>jam</span> <span class='ocrx_word' id='word_1_657' title='bbox 1025 3079 1094 3109; x_wconf 87' lang='lat' dir='ltr'>esset</span> <span class='ocrx_word' id='word_1_658' title='bbox 1110 3080 1254 3118; x_wconf 64' lang='lat' dir='ltr'>profertu-</span> 
     </span>
     <span class='ocr_line' id='line_1_74' title="bbox 197 3113 1256 3158; baseline -0.002 -7"><span class='ocrx_word' id='word_1_659' title='bbox 197 3132 242 3151; x_wconf 83' lang='lat' dir='ltr'>rus</span> <span class='ocrx_word' id='word_1_660' title='bbox 257 3143 266 3158; x_wconf 91' lang='lat'>,</span> <span class='ocrx_word' id='word_1_661' title='bbox 290 3127 389 3150; x_wconf 82' lang='lat' dir='ltr'>tamen</span> <span class='ocrx_word' id='word_1_662' title='bbox 407 3125 438 3147; x_wconf 93' lang='lat' dir='ltr'>ut</span> <span class='ocrx_word' id='word_1_663' title='bbox 455 3116 618 3146; x_wconf 64' lang='lat' dir='ltr'>sitissacei¹et</span> <span class='ocrx_word' id='word_1_664' title='bbox 639 3113 744 3145; x_wconf 77' lang='lat' dir='ltr'>nostrae</span> <span class='ocrx_word' id='word_1_665' title='bbox 759 3115 895 3146; x_wconf 85' lang='lat' dir='ltr'>voluntati</span> <span class='ocrx_word' id='word_1_666' title='bbox 909 3126 992 3155; x_wconf 80' lang='lat' dir='ltr'>atque</span> <span class='ocrx_word' id='word_1_667' title='bbox 1007 3121 1138 3157; x_wconf 82' lang='lat' dir='ltr'>rogatui,</span> <span class='ocrx_word' id='word_1_668' title='bbox 1153 3119 1256 3149; x_wconf 89' lang='lat' dir='ltr'>nostris</span> 
     </span>
     <span class='ocr_line' id='line_1_75' title="bbox 197 3152 1255 3195; baseline -0.001 -7"><span class='ocrx_word' id='word_1_669' title='bbox 197 3161 225 3188; x_wconf 93' lang='lat' dir='ltr'>in</span> <span class='ocrx_word' id='word_1_670' title='bbox 249 3160 305 3188; x_wconf 86' lang='lat' dir='ltr'>hoc</span> <span class='ocrx_word' id='word_1_671' title='bbox 329 3156 488 3194; x_wconf 79' lang='lat' dir='ltr'>longinquo</span> <span class='ocrx_word' id='word_1_672' title='bbox 509 3155 606 3184; x_wconf 89' lang='lat' dir='ltr'>itinere</span> <span class='ocrx_word' id='word_1_673' title='bbox 630 3152 762 3183; x_wconf 78' lang='lat' dir='ltr'>Melitam</span> <span class='ocrx_word' id='word_1_674' title='bbox 784 3154 870 3191; x_wconf 85' lang='lat' dir='ltr'>usque</span> <span class='ocrx_word' id='word_1_675' title='bbox 885 3177 893 3191; x_wconf 95' lang='lat'>,</span> <span class='ocrx_word' id='word_1_676' title='bbox 918 3155 945 3184; x_wconf 88' lang='lat' dir='ltr'>se</span> <span class='ocrx_word' id='word_1_677' title='bbox 961 3157 1100 3187; x_wconf 89' lang='lat' dir='ltr'>comitem</span> <span class='ocrx_word' id='word_1_678' title='bbox 1119 3158 1255 3195; x_wconf 87' lang='lat' dir='ltr'>adjunxit.</span> 
     </span>
     <span class='ocr_line' id='line_1_76' title="bbox 195 3191 1256 3234; baseline 0 -7"><span class='ocrx_word' id='word_1_679' title='bbox 195 3192 253 3227; x_wconf 74' lang='lat' dir='ltr'>Cui</span> <span class='ocrx_word' id='word_1_680' title='bbox 271 3204 381 3233; x_wconf 86' lang='lat' dir='ltr'>propter</span> <span class='ocrx_word' id='word_1_681' title='bbox 396 3194 454 3231; x_wconf 86' lang='lat' dir='ltr'>ejus</span> <span class='ocrx_word' id='word_1_682' title='bbox 469 3194 498 3222; x_wconf 89' lang='lat' dir='ltr'>in</span> <span class='ocrx_word' id='word_1_683' title='bbox 515 3191 718 3230; x_wconf 87' lang='lat' dir='ltr'>promovendis</span> <span class='ocrx_word' id='word_1_684' title='bbox 734 3192 815 3222; x_wconf 92' lang='lat' dir='ltr'>rebus</span> <span class='ocrx_word' id='word_1_685' title='bbox 831 3192 914 3223; x_wconf 84' lang='lat' dir='ltr'>vestri</span> <span class='ocrx_word' id='word_1_686' title='bbox 929 3193 1049 3225; x_wconf 86' lang='lat' dir='ltr'>Ordinis</span> <span class='ocrx_word' id='word_1_687' title='bbox 1065 3195 1165 3234; x_wconf 86' lang='lat' dir='ltr'>usum,</span> <span class='ocrx_word' id='word_1_688' title='bbox 1191 3206 1256 3234; x_wconf 91' lang='lat' dir='ltr'>pru-</span> 
     </span>
     <span class='ocr_line' id='line_1_77' title="bbox 198 3230 1258 3273; baseline 0 -8"><span class='ocrx_word' id='word_1_689' title='bbox 198 3236 324 3265; x_wconf 77' lang='lat' dir='ltr'>dentiam</span> <span class='ocrx_word' id='word_1_690' title='bbox 347 3243 381 3263; x_wconf 85' lang='lat' dir='ltr'>ac</span> <span class='ocrx_word' id='word_1_691' title='bbox 403 3233 490 3262; x_wconf 76' lang='lat' dir='ltr'>fidem</span> <span class='ocrx_word' id='word_1_692' title='bbox 506 3254 515 3269; x_wconf 90' lang='lat'>,</span> <span class='ocrx_word' id='word_1_693' title='bbox 543 3230 628 3273; x_wconf 65' lang='lat' dir='ltr'>sidem</span> <span class='ocrx_word' id='word_1_694' title='bbox 655 3240 706 3260; x_wconf 90' lang='lat' dir='ltr'>vos</span> <span class='ocrx_word' id='word_1_695' title='bbox 730 3240 844 3273; x_wconf 78' lang='lat' dir='ltr'>quoque</span> <span class='ocrx_word' id='word_1_696' title='bbox 869 3231 939 3261; x_wconf 83' lang='lat' dir='ltr'>haul</span> <span class='ocrx_word' id='word_1_697' title='bbox 966 3234 1106 3269; x_wconf 85' lang='lat' dir='ltr'>gravatim</span> <span class='ocrx_word' id='word_1_698' title='bbox 1124 3236 1258 3266; x_wconf 66' lang='lat' dir='ltr'>tribuetis</span> 
     </span>
     <span class='ocr_line' id='line_1_78' title="bbox 196 3269 1259 3310; baseline 0.001 -7"><span class='ocrx_word' id='word_1_699' title='bbox 196 3273 273 3303; x_wconf 83' lang='lat' dir='ltr'>Lum</span> <span class='ocrx_word' id='word_1_700' title='bbox 290 3273 371 3302; x_wconf 76' lang='lat' dir='ltr'>vobis</span> <span class='ocrx_word' id='word_1_701' title='bbox 384 3272 503 3301; x_wconf 79' lang='lat' dir='ltr'>charum</span> <span class='ocrx_word' id='word_1_702' title='bbox 521 3292 530 3307; x_wconf 96' lang='lat'>,</span> <span class='ocrx_word' id='word_1_703' title='bbox 557 3276 661 3298; x_wconf 80' lang='lat' dir='ltr'>merito</span> <span class='ocrx_word' id='word_1_704' title='bbox 682 3269 732 3297; x_wconf 90' lang='lat' dir='ltr'>suo</span> <span class='ocrx_word' id='word_1_705' title='bbox 754 3269 811 3298; x_wconf 86' lang='lat' dir='ltr'>esie</span> <span class='ocrx_word' id='word_1_706' title='bbox 829 3270 971 3300; x_wconf 89' lang='lat' dir='ltr'>credimus</span> <span class='ocrx_word' id='word_1_707' title='bbox 988 3294 996 3307; x_wconf 88' lang='lat'>,</span> <span class='ocrx_word' id='word_1_708' title='bbox 1023 3281 1108 3310; x_wconf 89' lang='lat' dir='ltr'>quem</span> <span class='ocrx_word' id='word_1_709' title='bbox 1127 3273 1145 3302; x_wconf 90' lang='lat' dir='ltr'>si</span> <span class='ocrx_word' id='word_1_710' title='bbox 1162 3273 1259 3305; x_wconf 66' lang='lat' dir='ltr'>nostra</span> 
     </span>
     <span class='ocr_line' id='line_1_79' title="bbox 199 3307 1258 3350; baseline 0.001 -9"><span class='ocrx_word' id='word_1_711' title='bbox 199 3322 315 3350; x_wconf 83' lang='lat' dir='ltr'>quoque</span> <span class='ocrx_word' id='word_1_712' title='bbox 331 3308 587 3340; x_wconf 71' lang='lat' dir='ltr'>commendatione</span> <span class='ocrx_word' id='word_1_713' title='bbox 605 3308 762 3337; x_wconf 85' lang='lat' dir='ltr'>chariorem</span> <span class='ocrx_word' id='word_1_714' title='bbox 780 3307 843 3336; x_wconf 89' lang='lat' dir='ltr'>fore</span> <span class='ocrx_word' id='word_1_715' title='bbox 859 3308 1065 3348; x_wconf 78' lang='lat' dir='ltr'>intelligamus,</span> <span class='ocrx_word' id='word_1_716' title='bbox 1086 3320 1161 3349; x_wconf 79' lang='lat' dir='ltr'>grata</span> <span class='ocrx_word' id='word_1_717' title='bbox 1175 3314 1258 3342; x_wconf 83' lang='lat' dir='ltr'>nobis</span> 
     </span>
     <span class='ocr_line' id='line_1_80' title="bbox 200 3345 1257 3388; baseline 0.002 -9"><span class='ocrx_word' id='word_1_718' title='bbox 200 3360 242 3380; x_wconf 78' lang='lat' dir='ltr'>res</span> <span class='ocrx_word' id='word_1_719' title='bbox 265 3351 296 3379; x_wconf 59' lang='grc' dir='ltr'>ἃ</span> <span class='ocrx_word' id='word_1_720' title='bbox 315 3357 430 3385; x_wconf 81' lang='lat' dir='ltr'>accepta</span> <span class='ocrx_word' id='word_1_721' title='bbox 451 3348 512 3376; x_wconf 75' lang='lat' dir='ltr'>eritv</span> <span class='ocrx_word' id='word_1_722' title='bbox 540 3345 616 3375; x_wconf 88' lang='lat' dir='ltr'>Illius</span> <span class='ocrx_word' id='word_1_723' title='bbox 628 3347 706 3374; x_wconf 91' lang='lat' dir='ltr'>enim</span> <span class='ocrx_word' id='word_1_724' title='bbox 721 3347 753 3375; x_wconf 87' lang='lat'>&amp;</span> <span class='ocrx_word' id='word_1_725' title='bbox 771 3345 932 3388; x_wconf 84' lang='lat' dir='ltr'>commodo</span> <span class='ocrx_word' id='word_1_726' title='bbox 948 3349 980 3377; x_wconf 83' lang='lat'>&amp;</span> <span class='ocrx_word' id='word_1_727' title='bbox 996 3357 1166 3381; x_wconf 89' lang='lat' dir='ltr'>ornamento</span> <span class='ocrx_word' id='word_1_728' title='bbox 1185 3359 1257 3380; x_wconf 90' lang='lat' dir='ltr'>con-</span> 
     </span>
     <span class='ocr_line' id='line_1_81' title="bbox 200 3382 855 3423; baseline -0.011 -4"><span class='ocrx_word' id='word_1_729' title='bbox 200 3388 303 3419; x_wconf 82' lang='lat' dir='ltr'>sultum</span> <span class='ocrx_word' id='word_1_730' title='bbox 318 3387 372 3417; x_wconf 79' lang='lat' dir='ltr'>eise</span> <span class='ocrx_word' id='word_1_731' title='bbox 387 3387 530 3423; x_wconf 89' lang='lat' dir='ltr'>cupimus.</span> <span class='ocrx_word' id='word_1_732' title='bbox 550 3382 677 3415; x_wconf 56' lang='lat' dir='ltr'>&amp;vestm</span> <span class='ocrx_word' id='word_1_733' title='bbox 697 3384 724 3413; x_wconf 91' lang='lat'>6.</span> <span class='ocrx_word' id='word_1_734' title='bbox 746 3383 855 3418; x_wconf 80' lang='lat' dir='ltr'>Martii.</span> 
     </span>
    </p>
   </div>
   <div class='ocr_carea' id='block_1_7' title="bbox 202 3506 1255 3602">
    <p class='ocr_par' dir='ltr' id='par_1_9' title="bbox 202 3506 1255 3602">
     <span class='ocr_line' id='line_1_82' title="bbox 202 3506 1255 3556; baseline 0.001 -14"><span class='ocrx_word' id='word_1_735' title='bbox 202 3507 338 3555; x_wconf 56' lang='lat' dir='ltr'>Adoll-‘iho</span> <span class='ocrx_word' id='word_1_736' title='bbox 351 3531 359 3545; x_wconf 84' lang='lat'>,</span> <span class='ocrx_word' id='word_1_737' title='bbox 373 3510 430 3541; x_wconf 74' lang='lat' dir='ltr'>Dei</span> <span class='ocrx_word' id='word_1_738' title='bbox 442 3511 547 3553; x_wconf 68' lang='lat' dir='ltr'>gratia</span> <span class='ocrx_word' id='word_1_739' title='bbox 558 3533 567 3544; x_wconf 77' lang='lat'>,</span> <span class='ocrx_word' id='word_1_740' title='bbox 581 3506 697 3540; x_wconf 74' lang='lat' dir='ltr'>Heredi·</span> <span class='ocrx_word' id='word_1_741' title='bbox 708 3509 864 3552; x_wconf 55' lang='lat' dir='ltr'>Norvejgtiae</span> <span class='ocrx_word' id='word_1_742' title='bbox 876 3532 884 3546; x_wconf 85' lang='lat'>,</span> <span class='ocrx_word' id='word_1_743' title='bbox 897 3509 980 3539; x_wconf 79' lang='lat' dir='ltr'>Duci</span> <span class='ocrx_word' id='word_1_744' title='bbox 986 3507 1112 3540; x_wconf 80' lang='lat' dir='ltr'>Slesvici</span> <span class='ocrx_word' id='word_1_745' title='bbox 1123 3536 1131 3551; x_wconf 91' lang='lat'>,</span> <span class='ocrx_word' id='word_1_746' title='bbox 1144 3511 1255 3556; x_wconf 67' lang='lat' dir='ltr'>Holsla-</span> 
     </span>
     <span class='ocr_line' id='line_1_83' title="bbox 221 3555 1227 3602; baseline 0.001 -14"><span class='ocrx_word' id='word_1_747' title='bbox 221 3563 266 3591; x_wconf 54' lang='lat' dir='ltr'>tis·</span> <span class='ocrx_word' id='word_1_748' title='bbox 277 3585 285 3598; x_wconf 89' lang='lat'>,</span> <span class='ocrx_word' id='word_1_749' title='bbox 296 3561 360 3596; x_wconf 54' lang='lat' dir='ltr'>(fc.</span> <span class='ocrx_word' id='word_1_750' title='bbox 373 3555 616 3598; x_wconf 51' lang='lat' dir='ltr'>Excellentifflrno</span> <span class='ocrx_word' id='word_1_751' title='bbox 626 3558 754 3588; x_wconf 64' lang='lat' dir='ltr'>Domino</span> <span class='ocrx_word' id='word_1_752' title='bbox 772 3559 807 3593; x_wconf 61' lang='lat' dir='ltr'>(J</span> <span class='ocrx_word' id='word_1_753' title='bbox 819 3555 1033 3602; x_wconf 70' lang='lat' dir='ltr'>szssmguineo</span> <span class='ocrx_word' id='word_1_754' title='bbox 1044 3556 1227 3600; x_wconf 59' lang='lat' dir='ltr'>Chariffi&#39;mo.</span> 
     </span>
    </p>
   </div>
   <div class='ocr_carea' id='block_1_8' title="bbox 194 3638 1258 4102">
    <p class='ocr_par' dir='ltr' id='par_1_10' title="bbox 194 3638 1258 4102">
     <span class='ocr_line' id='line_1_84' title="bbox 201 3638 1253 3705; baseline 0.002 -34"><span class='ocrx_word' id='word_1_755' title='bbox 201 3642 364 3705; x_wconf 72' lang='lat' dir='ltr'>Litteras</span> <span class='ocrx_word' id='word_1_756' title='bbox 385 3639 486 3671; x_wconf 81' lang='lat' dir='ltr'>vestras</span> <span class='ocrx_word' id='word_1_757' title='bbox 502 3639 634 3670; x_wconf 73' lang='lat' dir='ltr'>Calendis</span> <span class='ocrx_word' id='word_1_758' title='bbox 650 3640 775 3677; x_wconf 89' lang='lat' dir='ltr'>Januarii</span> <span class='ocrx_word' id='word_1_759' title='bbox 792 3639 905 3678; x_wconf 84' lang='lat' dir='ltr'>scriptas</span> <span class='ocrx_word' id='word_1_760' title='bbox 918 3662 927 3677; x_wconf 91' lang='lat'>,</span> <span class='ocrx_word' id='word_1_761' title='bbox 947 3638 1032 3671; x_wconf 84' lang='lat' dir='ltr'>XIII.</span> <span class='ocrx_word' id='word_1_762' title='bbox 1051 3640 1194 3672; x_wconf 89' lang='lat' dir='ltr'>Februarii</span> <span class='ocrx_word' id='word_1_763' title='bbox 1205 3653 1253 3673; x_wconf 88' lang='lat' dir='ltr'>ac-</span> 
     </span>
     <span class='ocr_line' id='line_1_85' title="bbox 280 3678 1255 3719; baseline 0.001 -9"><span class='ocrx_word' id='word_1_764' title='bbox 280 3682 407 3719; x_wconf 83' lang='lat' dir='ltr'>cepimus</span> <span class='ocrx_word' id='word_1_765' title='bbox 420 3701 429 3716; x_wconf 91' lang='lat'>,</span> <span class='ocrx_word' id='word_1_766' title='bbox 448 3687 510 3716; x_wconf 63' lang='lat' dir='ltr'>qux</span> <span class='ocrx_word' id='word_1_767' title='bbox 532 3686 560 3706; x_wconf 88' lang='lat' dir='ltr'>ut</span> <span class='ocrx_word' id='word_1_768' title='bbox 576 3678 742 3716; x_wconf 84' lang='lat' dir='ltr'>singularem</span> <span class='ocrx_word' id='word_1_769' title='bbox 764 3678 888 3709; x_wconf 72' lang='lat' dir='ltr'>vestrum</span> <span class='ocrx_word' id='word_1_770' title='bbox 905 3686 970 3717; x_wconf 85' lang='lat' dir='ltr'>erga</span> <span class='ocrx_word' id='word_1_771' title='bbox 985 3689 1053 3717; x_wconf 91' lang='lat' dir='ltr'>nos,</span> <span class='ocrx_word' id='word_1_772' title='bbox 1067 3680 1255 3719; x_wconf 89' lang='lat' dir='ltr'>hominesque</span> 
     </span>
     <span class='ocr_line' id='line_1_86' title="bbox 201 3717 1257 3756; baseline 0 -7"><span class='ocrx_word' id='word_1_773' title='bbox 201 3719 234 3750; x_wconf 84' lang='lat'>&amp;</span> <span class='ocrx_word' id='word_1_774' title='bbox 250 3727 332 3756; x_wconf 78' lang='lat' dir='ltr'>regna</span> <span class='ocrx_word' id='word_1_775' title='bbox 347 3718 457 3754; x_wconf 79' lang='lat' dir='ltr'>nostra,</span> <span class='ocrx_word' id='word_1_776' title='bbox 471 3725 601 3746; x_wconf 82' lang='lat' dir='ltr'>amorem</span> <span class='ocrx_word' id='word_1_777' title='bbox 621 3720 652 3747; x_wconf 65' lang='grc' dir='ltr'>ὃς</span> <span class='ocrx_word' id='word_1_778' title='bbox 677 3717 906 3748; x_wconf 81' lang='lat' dir='ltr'>benevolentiam</span> <span class='ocrx_word' id='word_1_779' title='bbox 927 3717 1067 3747; x_wconf 86' lang='lat' dir='ltr'>declarant</span> <span class='ocrx_word' id='word_1_780' title='bbox 1086 3741 1095 3755; x_wconf 91' lang='lat'>,</span> <span class='ocrx_word' id='word_1_781' title='bbox 1117 3720 1155 3749; x_wconf 89' lang='lat' dir='ltr'>ita</span> <span class='ocrx_word' id='word_1_782' title='bbox 1176 3721 1257 3750; x_wconf 87' lang='lat' dir='ltr'>nobis</span> 
     </span>
     <span class='ocr_line' id='line_1_87' title="bbox 200 3754 1256 3794; baseline 0.003 -8"><span class='ocrx_word' id='word_1_783' title='bbox 200 3767 254 3794; x_wconf 82' lang='lat' dir='ltr'>pro</span> <span class='ocrx_word' id='word_1_784' title='bbox 271 3767 307 3786; x_wconf 86' lang='lat' dir='ltr'>eo</span> <span class='ocrx_word' id='word_1_785' title='bbox 322 3766 355 3786; x_wconf 89' lang='lat' dir='ltr'>ac</span> <span class='ocrx_word' id='word_1_786' title='bbox 370 3756 530 3791; x_wconf 87' lang='lat' dir='ltr'>debebant,</span> <span class='ocrx_word' id='word_1_787' title='bbox 549 3763 686 3791; x_wconf 74' lang='lat' dir='ltr'>pergratae</span> <span class='ocrx_word' id='word_1_788' title='bbox 704 3756 824 3785; x_wconf 88' lang='lat' dir='ltr'>fuerunt.</span> <span class='ocrx_word' id='word_1_789' title='bbox 855 3754 955 3792; x_wconf 83' lang='lat' dir='ltr'>Itaque</span> <span class='ocrx_word' id='word_1_790' title='bbox 970 3755 1141 3786; x_wconf 75' lang='lat' dir='ltr'>Consiliariis</span> <span class='ocrx_word' id='word_1_791' title='bbox 1156 3757 1256 3789; x_wconf 85' lang='lat' dir='ltr'>nostris</span> 
     </span>
     <span class='ocr_line' id='line_1_88' title="bbox 199 3793 1254 3835; baseline 0 -10"><span class='ocrx_word' id='word_1_792' title='bbox 199 3796 228 3825; x_wconf 89' lang='lat' dir='ltr'>in</span> <span class='ocrx_word' id='word_1_793' title='bbox 251 3794 389 3824; x_wconf 76' lang='lat' dir='ltr'>mand-itis</span> <span class='ocrx_word' id='word_1_794' title='bbox 409 3794 539 3824; x_wconf 89' lang='lat' dir='ltr'>dedimus</span> <span class='ocrx_word' id='word_1_795' title='bbox 553 3814 562 3830; x_wconf 88' lang='lat'>,</span> <span class='ocrx_word' id='word_1_796' title='bbox 592 3801 622 3822; x_wconf 91' lang='lat' dir='ltr'>ut</span> <span class='ocrx_word' id='word_1_797' title='bbox 645 3801 688 3820; x_wconf 85' lang='lat' dir='ltr'>eas</span> <span class='ocrx_word' id='word_1_798' title='bbox 710 3795 805 3829; x_wconf 85' lang='lat' dir='ltr'>primo</span> <span class='ocrx_word' id='word_1_799' title='bbox 821 3795 893 3830; x_wconf 79' lang='lat' dir='ltr'>apud</span> <span class='ocrx_word' id='word_1_800' title='bbox 909 3794 934 3822; x_wconf 84' lang='lat' dir='ltr'>le</span> <span class='ocrx_word' id='word_1_801' title='bbox 948 3793 1095 3832; x_wconf 85' lang='lat' dir='ltr'>diligenter</span> <span class='ocrx_word' id='word_1_802' title='bbox 1109 3795 1254 3835; x_wconf 83' lang='lat' dir='ltr'>legerent,</span> 
     </span>
     <span class='ocr_line' id='line_1_89' title="bbox 198 3831 1258 3872; baseline 0.003 -10"><span class='ocrx_word' id='word_1_803' title='bbox 198 3836 233 3865; x_wconf 69' lang='grc' dir='ltr'>ὃς</span> <span class='ocrx_word' id='word_1_804' title='bbox 250 3833 357 3871; x_wconf 73' lang='lat' dir='ltr'>negotii</span> <span class='ocrx_word' id='word_1_805' title='bbox 374 3831 598 3872; x_wconf 81' lang='lat' dir='ltr'>magnitudinem</span> <span class='ocrx_word' id='word_1_806' title='bbox 623 3832 752 3860; x_wconf 82' lang='lat' dir='ltr'>accurate</span> <span class='ocrx_word' id='word_1_807' title='bbox 772 3832 977 3868; x_wconf 87' lang='lat' dir='ltr'>perpenderent</span> <span class='ocrx_word' id='word_1_808' title='bbox 994 3844 1005 3871; x_wconf 75' lang='lat'>3</span> <span class='ocrx_word' id='word_1_809' title='bbox 1030 3833 1133 3864; x_wconf 85' lang='lat' dir='ltr'>deinde</span> <span class='ocrx_word' id='word_1_810' title='bbox 1148 3856 1157 3871; x_wconf 91' lang='lat'>,</span> <span class='ocrx_word' id='word_1_811' title='bbox 1176 3835 1211 3865; x_wconf 89' lang='lat' dir='ltr'>ita</span> <span class='ocrx_word' id='word_1_812' title='bbox 1227 3845 1258 3865; x_wconf 90' lang='lat' dir='ltr'>ut</span> 
     </span>
     <span class='ocr_line' id='line_1_90' title="bbox 201 3868 1256 3910; baseline -0.001 -7"><span class='ocrx_word' id='word_1_813' title='bbox 201 3880 258 3903; x_wconf 87' lang='lat' dir='ltr'>erat</span> <span class='ocrx_word' id='word_1_814' title='bbox 277 3873 305 3901; x_wconf 91' lang='lat' dir='ltr'>in</span> <span class='ocrx_word' id='word_1_815' title='bbox 323 3871 435 3900; x_wconf 79' lang='lat' dir='ltr'>Litteris</span> <span class='ocrx_word' id='word_1_816' title='bbox 453 3869 549 3899; x_wconf 81' lang='lat' dir='ltr'>vestris</span> <span class='ocrx_word' id='word_1_817' title='bbox 565 3868 714 3904; x_wconf 75' lang='lat' dir='ltr'>scriptum,</span> <span class='ocrx_word' id='word_1_818' title='bbox 735 3877 795 3897; x_wconf 88' lang='lat' dir='ltr'>rem</span> <span class='ocrx_word' id='word_1_819' title='bbox 811 3871 843 3898; x_wconf 86' lang='lat' dir='ltr'>ad</span> <span class='ocrx_word' id='word_1_820' title='bbox 866 3869 1043 3901; x_wconf 83' lang='lat' dir='ltr'>Mercatores</span> <span class='ocrx_word' id='word_1_821' title='bbox 1056 3871 1206 3910; x_wconf 87' lang='lat' dir='ltr'>referrent,</span> <span class='ocrx_word' id='word_1_822' title='bbox 1222 3883 1256 3904; x_wconf 90' lang='lat' dir='ltr'>ac</span> 
     </span>
     <span class='ocr_line' id='line_1_91' title="bbox 200 3906 1255 3948; baseline 0.001 -7"><span class='ocrx_word' id='word_1_823' title='bbox 200 3919 302 3942; x_wconf 85' lang='lat' dir='ltr'>eorum</span> <span class='ocrx_word' id='word_1_824' title='bbox 323 3908 488 3939; x_wconf 86' lang='lat' dir='ltr'>sententiam</span> <span class='ocrx_word' id='word_1_825' title='bbox 512 3907 547 3937; x_wconf 91' lang='lat' dir='ltr'>de</span> <span class='ocrx_word' id='word_1_826' title='bbox 569 3906 754 3946; x_wconf 86' lang='lat' dir='ltr'>navigationis</span> <span class='ocrx_word' id='word_1_827' title='bbox 768 3914 870 3944; x_wconf 85' lang='lat' dir='ltr'>genere</span> <span class='ocrx_word' id='word_1_828' title='bbox 885 3909 918 3938; x_wconf 71' lang='grc' dir='ltr'>ὅτ,</span> <span class='ocrx_word' id='word_1_829' title='bbox 934 3908 1064 3940; x_wconf 88' lang='lat' dir='ltr'>locorum</span> <span class='ocrx_word' id='word_1_830' title='bbox 1080 3910 1113 3939; x_wconf 92' lang='lat' dir='ltr'>ad</span> <span class='ocrx_word' id='word_1_831' title='bbox 1130 3909 1255 3948; x_wconf 90' lang='lat' dir='ltr'>ipsorum</span> 
     </span>
     <span class='ocr_line' id='line_1_92' title="bbox 199 3944 1253 3988; baseline -0.001 -9"><span class='ocrx_word' id='word_1_832' title='bbox 199 3951 259 3979; x_wconf 82' lang='lat' dir='ltr'>usus</span> <span class='ocrx_word' id='word_1_833' title='bbox 280 3947 489 3985; x_wconf 84' lang='lat' dir='ltr'>opportunitate</span> <span class='ocrx_word' id='word_1_834' title='bbox 508 3944 716 3975; x_wconf 87' lang='lat' dir='ltr'>sciscitarentur.</span> <span class='ocrx_word' id='word_1_835' title='bbox 753 3944 930 3975; x_wconf 80' lang='lat' dir='ltr'>Mercatores</span> <span class='ocrx_word' id='word_1_836' title='bbox 950 3949 1021 3977; x_wconf 79' lang='lat' dir='ltr'>vero</span> <span class='ocrx_word' id='word_1_837' title='bbox 1035 3970 1044 3986; x_wconf 91' lang='lat'>,</span> <span class='ocrx_word' id='word_1_838' title='bbox 1070 3957 1160 3985; x_wconf 88' lang='lat' dir='ltr'>quum</span> <span class='ocrx_word' id='word_1_839' title='bbox 1185 3949 1253 3988; x_wconf 83' lang='lat' dir='ltr'>ipli,</span> 
     </span>
     <span class='ocr_line' id='line_1_93' title="bbox 198 3982 1252 4024; baseline -0.001 -7"><span class='ocrx_word' id='word_1_840' title='bbox 198 3995 340 4024; x_wconf 85' lang='lat' dir='ltr'>quantum</span> <span class='ocrx_word' id='word_1_841' title='bbox 354 3984 391 4015; x_wconf 90' lang='lat' dir='ltr'>de</span> <span class='ocrx_word' id='word_1_842' title='bbox 408 3984 477 4014; x_wconf 89' lang='lat' dir='ltr'>locis</span> <span class='ocrx_word' id='word_1_843' title='bbox 491 3984 523 4014; x_wconf 73' lang='grc' dir='ltr'>δε</span> <span class='ocrx_word' id='word_1_844' title='bbox 544 3984 671 4021; x_wconf 84' lang='lat' dir='ltr'>portibus</span> <span class='ocrx_word' id='word_1_845' title='bbox 686 3983 837 4021; x_wconf 81' lang='lat' dir='ltr'>cognitum</span> <span class='ocrx_word' id='word_1_846' title='bbox 853 3982 1010 4022; x_wconf 79' lang='lat' dir='ltr'>habebant,</span> <span class='ocrx_word' id='word_1_847' title='bbox 1033 3985 1252 4024; x_wconf 85' lang='lat' dir='ltr'>respondissent,</span> 
     </span>
     <span class='ocr_line' id='line_1_94' title="bbox 196 4020 1251 4062; baseline -0.002 -7"><span class='ocrx_word' id='word_1_848' title='bbox 196 4026 255 4055; x_wconf 81' lang='lat' dir='ltr'>dari</span> <span class='ocrx_word' id='word_1_849' title='bbox 277 4025 326 4054; x_wconf 89' lang='lat' dir='ltr'>sibi</span> <span class='ocrx_word' id='word_1_850' title='bbox 350 4032 412 4053; x_wconf 87' lang='lat' dir='ltr'>eam</span> <span class='ocrx_word' id='word_1_851' title='bbox 432 4021 594 4052; x_wconf 83' lang='lat' dir='ltr'>facultatem</span> <span class='ocrx_word' id='word_1_852' title='bbox 616 4021 766 4059; x_wconf 86' lang='lat' dir='ltr'>petebant,</span> <span class='ocrx_word' id='word_1_853' title='bbox 784 4030 814 4050; x_wconf 92' lang='lat' dir='ltr'>ut</span> <span class='ocrx_word' id='word_1_854' title='bbox 830 4020 864 4050; x_wconf 91' lang='lat' dir='ltr'>ad</span> <span class='ocrx_word' id='word_1_855' title='bbox 878 4030 978 4052; x_wconf 87' lang='lat' dir='ltr'>caetera</span> <span class='ocrx_word' id='word_1_856' title='bbox 993 4023 1251 4062; x_wconf 81' lang='lat' dir='ltr'>pervestiganda&amp;</span> 
     </span>
     <span class='ocr_line' id='line_1_95' title="bbox 194 4059 1249 4102; baseline -0.001 -8"><span class='ocrx_word' id='word_1_857' title='bbox 194 4062 301 4102; x_wconf 78' lang='lat' dir='ltr'>penitus</span> <span class='ocrx_word' id='word_1_858' title='bbox 315 4060 514 4099; x_wconf 84' lang='lat' dir='ltr'>intelligenda,</span> <span class='ocrx_word' id='word_1_859' title='bbox 526 4059 660 4090; x_wconf 82' lang='lat' dir='ltr'>homines</span> <span class='ocrx_word' id='word_1_860' title='bbox 680 4059 786 4098; x_wconf 81' lang='lat' dir='ltr'>aliquot</span> <span class='ocrx_word' id='word_1_861' title='bbox 806 4068 904 4090; x_wconf 82' lang='lat' dir='ltr'>earum</span> <span class='ocrx_word' id='word_1_862' title='bbox 928 4069 1022 4091; x_wconf 87' lang='lat' dir='ltr'>rerum</span> <span class='ocrx_word' id='word_1_863' title='bbox 1043 4062 1077 4093; x_wconf 92' lang='lat'>&amp;</span> <span class='ocrx_word' id='word_1_864' title='bbox 1101 4063 1249 4101; x_wconf 89' lang='lat' dir='ltr'>regionum</span> 
     </span>
    </p>
   </div>
   <div class='ocr_carea' id='block_1_9' title="bbox 779 145 1799 194">
    <p class='ocr_par' dir='ltr' id='par_1_11' title="bbox 779 145 1799 194">
     <span class='ocr_line' id='line_1_96' title="bbox 779 145 1799 194; baseline -0.006 0"><span class='ocrx_word' id='word_1_865' title='bbox 779 148 1325 193; x_wconf 83' lang='lat' dir='ltr'>EPISTOLAE</span> <span class='ocrx_word' id='word_1_866' title='bbox 1410 145 1799 194; x_wconf 84' lang='lat' dir='ltr'>MARIAE,</span> 
     </span>
    </p>
   </div>
   <div class='ocr_carea' id='block_1_10' title="bbox 1291 230 2361 539">
    <p class='ocr_par' dir='ltr' id='par_1_12' title="bbox 1291 230 2361 539">
     <span class='ocr_line' id='line_1_97' title="bbox 1291 230 2354 273; baseline 0.002 -11"><span class='ocrx_word' id='word_1_867' title='bbox 1291 233 1397 273; x_wconf 85' lang='lat' dir='ltr'>peritos</span> <span class='ocrx_word' id='word_1_868' title='bbox 1413 233 1526 262; x_wconf 88' lang='lat' dir='ltr'>mittere</span> <span class='ocrx_word' id='word_1_869' title='bbox 1547 230 1682 269; x_wconf 77' lang='lat' dir='ltr'>possent,</span> <span class='ocrx_word' id='word_1_870' title='bbox 1701 231 1730 262; x_wconf 93' lang='lat' dir='ltr'>id</span> <span class='ocrx_word' id='word_1_871' title='bbox 1746 241 1838 270; x_wconf 86' lang='lat' dir='ltr'>quum</span> <span class='ocrx_word' id='word_1_872' title='bbox 1855 232 1909 263; x_wconf 87' lang='lat' dir='ltr'>erit</span> <span class='ocrx_word' id='word_1_873' title='bbox 1925 231 2051 271; x_wconf 56' lang='lat' dir='ltr'>fanum,</span> <span class='ocrx_word' id='word_1_874' title='bbox 2064 234 2099 266; x_wconf 89' lang='lat'>&amp;</span> <span class='ocrx_word' id='word_1_875' title='bbox 2114 242 2166 264; x_wconf 84' lang='lat' dir='ltr'>nos</span> <span class='ocrx_word' id='word_1_876' title='bbox 2180 242 2215 263; x_wconf 83' lang='lat' dir='ltr'>ex</span> <span class='ocrx_word' id='word_1_877' title='bbox 2230 231 2354 271; x_wconf 81' lang='lat' dir='ltr'>ipsorum</span> 
     </span>
     <span class='ocr_line' id='line_1_98' title="bbox 1293 269 2357 310; baseline -0.001 -8"><span class='ocrx_word' id='word_1_878' title='bbox 1293 273 1451 302; x_wconf 87' lang='lat' dir='ltr'>narratione</span> <span class='ocrx_word' id='word_1_879' title='bbox 1472 271 1576 301; x_wconf 91' lang='lat' dir='ltr'>certius</span> <span class='ocrx_word' id='word_1_880' title='bbox 1599 270 1704 308; x_wconf 88' lang='lat' dir='ltr'>aliquid</span> <span class='ocrx_word' id='word_1_881' title='bbox 1729 269 1886 307; x_wconf 87' lang='lat' dir='ltr'>intelligere</span> <span class='ocrx_word' id='word_1_882' title='bbox 1899 271 1931 302; x_wconf 72' lang='grc' dir='ltr'>ὅ(</span> <span class='ocrx_word' id='word_1_883' title='bbox 1946 273 2048 302; x_wconf 90' lang='lat' dir='ltr'>certius</span> <span class='ocrx_word' id='word_1_884' title='bbox 2061 272 2185 303; x_wconf 88' lang='lat' dir='ltr'>indicare</span> <span class='ocrx_word' id='word_1_885' title='bbox 2203 271 2357 310; x_wconf 78' lang='lat' dir='ltr'>possimus,</span> 
     </span>
     <span class='ocr_line' id='line_1_99' title="bbox 1293 307 2356 348; baseline -0.001 -8"><span class='ocrx_word' id='word_1_886' title='bbox 1293 319 1358 341; x_wconf 92' lang='lat' dir='ltr'>tum</span> <span class='ocrx_word' id='word_1_887' title='bbox 1377 309 1412 340; x_wconf 88' lang='lat' dir='ltr'>de</span> <span class='ocrx_word' id='word_1_888' title='bbox 1435 318 1498 339; x_wconf 90' lang='lat' dir='ltr'>toto</span> <span class='ocrx_word' id='word_1_889' title='bbox 1522 310 1639 347; x_wconf 85' lang='lat' dir='ltr'>negotio</span> <span class='ocrx_word' id='word_1_890' title='bbox 1658 309 1741 339; x_wconf 84' lang='lat' dir='ltr'>latius</span> <span class='ocrx_word' id='word_1_891' title='bbox 1761 308 1873 339; x_wconf 63' lang='lat' dir='ltr'>wadiari</span> <span class='ocrx_word' id='word_1_892' title='bbox 1890 319 1900 346; x_wconf 74' lang='lat'>3</span> <span class='ocrx_word' id='word_1_893' title='bbox 1927 307 2112 345; x_wconf 87' lang='lat' dir='ltr'>nostramque</span> <span class='ocrx_word' id='word_1_894' title='bbox 2126 310 2356 348; x_wconf 76' lang='lat' dir='ltr'>responsionem,</span> 
     </span>
     <span class='ocr_line' id='line_1_100' title="bbox 1293 346 2358 387; baseline 0 -9"><span class='ocrx_word' id='word_1_895' title='bbox 1293 348 1340 378; x_wconf 89' lang='lat' dir='ltr'>vel</span> <span class='ocrx_word' id='word_1_896' title='bbox 1353 348 1388 378; x_wconf 91' lang='lat' dir='ltr'>ad</span> <span class='ocrx_word' id='word_1_897' title='bbox 1405 357 1458 378; x_wconf 87' lang='lat' dir='ltr'>vos</span> <span class='ocrx_word' id='word_1_898' title='bbox 1475 348 1566 384; x_wconf 80' lang='lat' dir='ltr'>mitti,</span> <span class='ocrx_word' id='word_1_899' title='bbox 1577 347 1622 378; x_wconf 90' lang='lat' dir='ltr'>vel</span> <span class='ocrx_word' id='word_1_900' title='bbox 1639 347 1828 387; x_wconf 86' lang='lat' dir='ltr'>Legatum,si</span> <span class='ocrx_word' id='word_1_901' title='bbox 1844 356 1930 385; x_wconf 90' lang='lat' dir='ltr'>quem</span> <span class='ocrx_word' id='word_1_902' title='bbox 1947 346 2047 378; x_wconf 89' lang='lat' dir='ltr'>Vestra</span> <span class='ocrx_word' id='word_1_903' title='bbox 2061 347 2234 379; x_wconf 81' lang='lat' dir='ltr'>Excellentia</span> <span class='ocrx_word' id='word_1_904' title='bbox 2248 349 2358 386; x_wconf 87' lang='lat' dir='ltr'>mittet,</span> 
     </span>
     <span class='ocr_line' id='line_1_101' title="bbox 1295 385 2355 424; baseline 0.001 -8"><span class='ocrx_word' id='word_1_905' title='bbox 1295 387 1415 416; x_wconf 86' lang='lat' dir='ltr'>libenter</span> <span class='ocrx_word' id='word_1_906' title='bbox 1438 386 1531 423; x_wconf 82' lang='lat' dir='ltr'>excipi</span> <span class='ocrx_word' id='word_1_907' title='bbox 1555 387 1588 417; x_wconf 88' lang='lat'>&amp;</span> <span class='ocrx_word' id='word_1_908' title='bbox 1606 385 1696 416; x_wconf 88' lang='lat' dir='ltr'>audiri</span> <span class='ocrx_word' id='word_1_909' title='bbox 1717 386 1893 424; x_wconf 88' lang='lat' dir='ltr'>jubebimus.</span> <span class='ocrx_word' id='word_1_910' title='bbox 1917 385 2028 416; x_wconf 89' lang='lat' dir='ltr'>Vestrae</span> <span class='ocrx_word' id='word_1_911' title='bbox 2042 385 2157 416; x_wconf 87' lang='lat' dir='ltr'>interim</span> <span class='ocrx_word' id='word_1_912' title='bbox 2170 385 2355 417; x_wconf 81' lang='lat' dir='ltr'>Excellentiae</span> 
     </span>
     <span class='ocr_line' id='line_1_102' title="bbox 1296 423 2357 464; baseline 0.002 -11"><span class='ocrx_word' id='word_1_913' title='bbox 1296 434 1350 462; x_wconf 84' lang='lat' dir='ltr'>pro</span> <span class='ocrx_word' id='word_1_914' title='bbox 1371 423 1422 454; x_wconf 93' lang='lat' dir='ltr'>suo</span> <span class='ocrx_word' id='word_1_915' title='bbox 1445 425 1473 453; x_wconf 89' lang='lat' dir='ltr'>in</span> <span class='ocrx_word' id='word_1_916' title='bbox 1495 433 1547 453; x_wconf 87' lang='lat' dir='ltr'>nos</span> <span class='ocrx_word' id='word_1_917' title='bbox 1564 424 1749 463; x_wconf 89' lang='lat' dir='ltr'>hominesque</span> <span class='ocrx_word' id='word_1_918' title='bbox 1770 424 1887 456; x_wconf 89' lang='lat' dir='ltr'>nostros</span> <span class='ocrx_word' id='word_1_919' title='bbox 1903 434 2001 455; x_wconf 84' lang='lat' dir='ltr'>amore</span> <span class='ocrx_word' id='word_1_920' title='bbox 2015 424 2050 454; x_wconf 89' lang='lat'>&amp;</span> <span class='ocrx_word' id='word_1_921' title='bbox 2064 424 2163 462; x_wconf 75' lang='lat' dir='ltr'>gratias</span> <span class='ocrx_word' id='word_1_922' title='bbox 2176 425 2304 464; x_wconf 86' lang='lat' dir='ltr'>agimus,</span> <span class='ocrx_word' id='word_1_923' title='bbox 2321 424 2357 455; x_wconf 88' lang='lat'>&amp;</span> 
     </span>
     <span class='ocr_line' id='line_1_103' title="bbox 1297 461 2361 501; baseline 0.001 -8"><span class='ocrx_word' id='word_1_924' title='bbox 1297 463 1423 493; x_wconf 85' lang='lat' dir='ltr'>nostram</span> <span class='ocrx_word' id='word_1_925' title='bbox 1439 463 1469 492; x_wconf 85' lang='lat' dir='ltr'>in</span> <span class='ocrx_word' id='word_1_926' title='bbox 1483 463 1566 492; x_wconf 87' lang='lat' dir='ltr'>rebus</span> <span class='ocrx_word' id='word_1_927' title='bbox 1580 461 1677 493; x_wconf 82' lang='lat' dir='ltr'>vestris</span> <span class='ocrx_word' id='word_1_928' title='bbox 1689 463 1919 494; x_wconf 87' lang='lat' dir='ltr'>benevolentiam</span> <span class='ocrx_word' id='word_1_929' title='bbox 1929 463 2075 501; x_wconf 87' lang='lat' dir='ltr'>‚favorem</span> <span class='ocrx_word' id='word_1_930' title='bbox 2094 462 2127 493; x_wconf 93' lang='lat'>&amp;</span> <span class='ocrx_word' id='word_1_931' title='bbox 2136 461 2260 494; x_wconf 88' lang='lat' dir='ltr'>studium</span> <span class='ocrx_word' id='word_1_932' title='bbox 2269 472 2361 494; x_wconf 86' lang='lat' dir='ltr'>omne</span> 
     </span>
     <span class='ocr_line' id='line_1_104' title="bbox 1297 499 1966 539; baseline 0 -8"><span class='ocrx_word' id='word_1_933' title='bbox 1297 502 1417 532; x_wconf 86' lang='lat' dir='ltr'>libenter</span> <span class='ocrx_word' id='word_1_934' title='bbox 1431 500 1609 539; x_wconf 88' lang='lat' dir='ltr'>pollicemur.</span> <span class='ocrx_word' id='word_1_935' title='bbox 1629 500 1759 532; x_wconf 87' lang='lat' dir='ltr'>Westm.</span> <span class='ocrx_word' id='word_1_936' title='bbox 1778 499 1835 532; x_wconf 89' lang='lat' dir='ltr'>IX.</span> <span class='ocrx_word' id='word_1_937' title='bbox 1856 501 1966 533; x_wconf 77' lang='lat' dir='ltr'>Martii,</span> 
     </span>
    </p>
   </div>
   <div class='ocr_carea' id='block_1_11' title="bbox 1709 624 1935 673">
    <p class='ocr_par' dir='ltr' id='par_1_13' title="bbox 1709 624 1935 673">
     <span class='ocr_line' id='line_1_105' title="bbox 1709 624 1935 673; baseline -0.004 -15"><span class='ocrx_word' id='word_1_938' title='bbox 1709 625 1785 673; x_wconf 80' lang='lat' dir='ltr'>Regi</span> <span class='ocrx_word' id='word_1_939' title='bbox 1803 624 1935 658; x_wconf 82' lang='lat' dir='ltr'>Poloniae.</span> 
     </span>
    </p>
   </div>
   <div class='ocr_carea' id='block_1_12' title="bbox 1297 709 2367 1438">
    <p class='ocr_par' dir='ltr' id='par_1_14' title="bbox 1297 709 2367 1438">
     <span class='ocr_line' id='line_1_106' title="bbox 1299 709 2363 773; baseline -0.001 -31"><span class='ocrx_word' id='word_1_940' title='bbox 1299 711 1445 773; x_wconf 86' lang='lat' dir='ltr'>MAria</span> <span class='ocrx_word' id='word_1_941' title='bbox 1461 710 1519 741; x_wconf 91' lang='lat' dir='ltr'>Dei</span> <span class='ocrx_word' id='word_1_942' title='bbox 1534 711 1638 750; x_wconf 87' lang='lat' dir='ltr'>gratia,</span> <span class='ocrx_word' id='word_1_943' title='bbox 1656 711 1719 742; x_wconf 88' lang='lat' dir='ltr'>&amp;c.</span> <span class='ocrx_word' id='word_1_944' title='bbox 1733 709 1916 749; x_wconf 86' lang='lat' dir='ltr'>Sigismundo</span> <span class='ocrx_word' id='word_1_945' title='bbox 1933 709 2081 750; x_wconf 87' lang='lat' dir='ltr'>Augusto,</span> <span class='ocrx_word' id='word_1_946' title='bbox 2100 712 2162 743; x_wconf 88' lang='lat' dir='ltr'>&amp;c.</span> <span class='ocrx_word' id='word_1_947' title='bbox 2181 709 2363 743; x_wconf 87' lang='lat' dir='ltr'>Sereniffime</span> 
     </span>
     <span class='ocr_line' id='line_1_107' title="bbox 1391 749 2364 789; baseline -0.002 -7"><span class='ocrx_word' id='word_1_948' title='bbox 1391 750 1535 788; x_wconf 66' lang='lat' dir='ltr'>Princeps,</span> <span class='ocrx_word' id='word_1_949' title='bbox 1543 750 1637 780; x_wconf 85' lang='lat' dir='ltr'>Frater</span> <span class='ocrx_word' id='word_1_950' title='bbox 1645 773 1655 787; x_wconf 91' lang='lat'>,</span> <span class='ocrx_word' id='word_1_951' title='bbox 1662 749 1777 780; x_wconf 88' lang='lat' dir='ltr'>Consan</span> <span class='ocrx_word' id='word_1_952' title='bbox 1799 750 1880 780; x_wconf 89' lang='lat' dir='ltr'>uinee</span> <span class='ocrx_word' id='word_1_953' title='bbox 1887 750 1919 781; x_wconf 91' lang='lat'>&amp;</span> <span class='ocrx_word' id='word_1_954' title='bbox 1927 750 2019 780; x_wconf 89' lang='lat' dir='ltr'>amice</span> <span class='ocrx_word' id='word_1_955' title='bbox 2027 749 2364 789; x_wconf 84' lang='lat' dir='ltr'>chariffime.Negotium</span> 
     </span>
     <span class='ocr_line' id='line_1_108' title="bbox 1297 787 2362 826; baseline -0.002 -7"><span class='ocrx_word' id='word_1_956' title='bbox 1297 789 1426 820; x_wconf 92' lang='lat' dir='ltr'>dedimus</span> <span class='ocrx_word' id='word_1_957' title='bbox 1447 788 1598 820; x_wconf 89' lang='lat' dir='ltr'>Guilelmo</span> <span class='ocrx_word' id='word_1_958' title='bbox 1613 788 1758 820; x_wconf 88' lang='lat' dir='ltr'>Watsono</span> <span class='ocrx_word' id='word_1_959' title='bbox 1811 788 1848 819; x_wconf 86' lang='lat' dir='ltr'>ivi</span> <span class='ocrx_word' id='word_1_960' title='bbox 1864 788 2060 826; x_wconf 82' lang='lat' dir='ltr'>Londinensi,</span> <span class='ocrx_word' id='word_1_961' title='bbox 2078 787 2152 819; x_wconf 89' lang='lat' dir='ltr'>fideli</span> <span class='ocrx_word' id='word_1_962' title='bbox 2166 788 2265 819; x_wconf 91' lang='lat' dir='ltr'>nostro</span> <span class='ocrx_word' id='word_1_963' title='bbox 2277 788 2362 818; x_wconf 83' lang='lat' dir='ltr'>fami-</span> 
     </span>
     <span class='ocr_line' id='line_1_109' title="bbox 1298 825 2364 866; baseline -0.001 -9"><span class='ocrx_word' id='word_1_964' title='bbox 1298 828 1374 866; x_wconf 82' lang='lat' dir='ltr'>liari,</span> <span class='ocrx_word' id='word_1_965' title='bbox 1396 839 1426 858; x_wconf 87' lang='lat' dir='ltr'>ut</span> <span class='ocrx_word' id='word_1_966' title='bbox 1443 827 1543 865; x_wconf 78' lang='lat' dir='ltr'>funes,</span> <span class='ocrx_word' id='word_1_967' title='bbox 1561 828 1708 865; x_wconf 86' lang='lat' dir='ltr'>rudentes,</span> <span class='ocrx_word' id='word_1_968' title='bbox 1728 826 1835 864; x_wconf 69' lang='lat' dir='ltr'>malos,</span> <span class='ocrx_word' id='word_1_969' title='bbox 1852 826 1968 865; x_wconf 78' lang='lat' dir='ltr'>afferes,</span> <span class='ocrx_word' id='word_1_970' title='bbox 1987 836 2098 864; x_wconf 90' lang='lat' dir='ltr'>remos,</span> <span class='ocrx_word' id='word_1_971' title='bbox 2118 829 2213 865; x_wconf 85' lang='lat' dir='ltr'>picem</span> <span class='ocrx_word' id='word_1_972' title='bbox 2225 848 2235 865; x_wconf 87' lang='lat'>,</span> <span class='ocrx_word' id='word_1_973' title='bbox 2250 826 2284 857; x_wconf 88' lang='lat'>&amp;</span> <span class='ocrx_word' id='word_1_974' title='bbox 2298 825 2364 857; x_wconf 81' lang='lat' dir='ltr'>alias</span> 
     </span>
     <span class='ocr_line' id='line_1_110' title="bbox 1298 864 2365 905; baseline -0.002 -9"><span class='ocrx_word' id='word_1_975' title='bbox 1298 877 1338 897; x_wconf 91' lang='lat' dir='ltr'>res</span> <span class='ocrx_word' id='word_1_976' title='bbox 1359 866 1393 896; x_wconf 90' lang='lat' dir='ltr'>ad</span> <span class='ocrx_word' id='word_1_977' title='bbox 1415 866 1495 896; x_wconf 89' lang='lat' dir='ltr'>usum</span> <span class='ocrx_word' id='word_1_978' title='bbox 1519 866 1609 897; x_wconf 86' lang='lat' dir='ltr'>claffis</span> <span class='ocrx_word' id='word_1_979' title='bbox 1627 867 1731 897; x_wconf 88' lang='lat' dir='ltr'>nostrae</span> <span class='ocrx_word' id='word_1_980' title='bbox 1746 864 1909 896; x_wconf 71' lang='lat' dir='ltr'>necessarias</span> <span class='ocrx_word' id='word_1_981' title='bbox 1922 866 2005 895; x_wconf 90' lang='lat' dir='ltr'>nobis</span> <span class='ocrx_word' id='word_1_982' title='bbox 2016 874 2187 905; x_wconf 90' lang='lat' dir='ltr'>procuraret.</span> <span class='ocrx_word' id='word_1_983' title='bbox 2221 865 2300 902; x_wconf 84' lang='lat' dir='ltr'>Quae</span> <span class='ocrx_word' id='word_1_984' title='bbox 2322 873 2365 895; x_wconf 84' lang='lat' dir='ltr'>res</span> 
     </span>
     <span class='ocr_line' id='line_1_111' title="bbox 1299 903 2364 945; baseline -0.003 -10"><span class='ocrx_word' id='word_1_985' title='bbox 1299 905 1413 945; x_wconf 80' lang='lat' dir='ltr'>singulae</span> <span class='ocrx_word' id='word_1_986' title='bbox 1430 927 1439 942; x_wconf 86' lang='lat'>,</span> <span class='ocrx_word' id='word_1_987' title='bbox 1465 915 1557 942; x_wconf 83' lang='lat' dir='ltr'>quum</span> <span class='ocrx_word' id='word_1_988' title='bbox 1580 907 1608 935; x_wconf 90' lang='lat' dir='ltr'>in</span> <span class='ocrx_word' id='word_1_989' title='bbox 1628 904 1752 935; x_wconf 89' lang='lat' dir='ltr'>Civitate</span> <span class='ocrx_word' id='word_1_990' title='bbox 1770 903 1879 935; x_wconf 84' lang='lat' dir='ltr'>Vestrae</span> <span class='ocrx_word' id='word_1_991' title='bbox 1901 904 2060 942; x_wconf 84' lang='lat' dir='ltr'>Majestatis</span> <span class='ocrx_word' id='word_1_992' title='bbox 2083 903 2247 935; x_wconf 86' lang='lat' dir='ltr'>Gedanensi</span> <span class='ocrx_word' id='word_1_993' title='bbox 2261 904 2364 933; x_wconf 91' lang='lat' dir='ltr'>admo-</span> 
     </span>
     <span class='ocr_line' id='line_1_112' title="bbox 1298 941 2366 983; baseline -0.003 -9"><span class='ocrx_word' id='word_1_994' title='bbox 1298 945 1368 974; x_wconf 80' lang='lat' dir='ltr'>dum</span> <span class='ocrx_word' id='word_1_995' title='bbox 1387 944 1518 983; x_wconf 86' lang='lat' dir='ltr'>parabiles</span> <span class='ocrx_word' id='word_1_996' title='bbox 1540 944 1592 974; x_wconf 83' lang='lat' dir='ltr'>sint</span> <span class='ocrx_word' id='word_1_997' title='bbox 1609 966 1618 982; x_wconf 93' lang='lat'>,</span> <span class='ocrx_word' id='word_1_998' title='bbox 1646 945 1679 975; x_wconf 89' lang='lat'>&amp;</span> <span class='ocrx_word' id='word_1_999' title='bbox 1698 943 1758 974; x_wconf 87' lang='lat' dir='ltr'>istic</span> <span class='ocrx_word' id='word_1_1000' title='bbox 1771 943 1806 973; x_wconf 89' lang='lat' dir='ltr'>ad</span> <span class='ocrx_word' id='word_1_1001' title='bbox 1827 942 1905 973; x_wconf 90' lang='lat' dir='ltr'>usum</span> <span class='ocrx_word' id='word_1_1002' title='bbox 1924 943 2054 973; x_wconf 87' lang='lat' dir='ltr'>nostrum</span> <span class='ocrx_word' id='word_1_1003' title='bbox 2072 943 2235 974; x_wconf 77' lang='lat' dir='ltr'>commode</span> <span class='ocrx_word' id='word_1_1004' title='bbox 2249 942 2307 972; x_wconf 86' lang='lat' dir='ltr'>emi</span> <span class='ocrx_word' id='word_1_1005' title='bbox 2320 941 2366 972; x_wconf 90' lang='lat' dir='ltr'>so-</span> 
     </span>
     <span class='ocr_line' id='line_1_113' title="bbox 1299 980 2366 1030; baseline -0.003 -17"><span class='ocrx_word' id='word_1_1006' title='bbox 1299 984 1372 1014; x_wconf 89' lang='lat' dir='ltr'>leant</span> <span class='ocrx_word' id='word_1_1007' title='bbox 1378 1004 1389 1030; x_wconf 71' lang='lat'><em>2</em></span> <span class='ocrx_word' id='word_1_1008' title='bbox 1416 982 1598 1012; x_wconf 89' lang='lat' dir='ltr'>scribendum</span> <span class='ocrx_word' id='word_1_1009' title='bbox 1614 983 1696 1013; x_wconf 91' lang='lat' dir='ltr'>nobis</span> <span class='ocrx_word' id='word_1_1010' title='bbox 1711 982 1745 1013; x_wconf 90' lang='lat' dir='ltr'>ad</span> <span class='ocrx_word' id='word_1_1011' title='bbox 1760 981 1894 1012; x_wconf 90' lang='lat' dir='ltr'>Vestram</span> <span class='ocrx_word' id='word_1_1012' title='bbox 1907 981 2093 1013; x_wconf 88' lang='lat' dir='ltr'>Serenitatem</span> <span class='ocrx_word' id='word_1_1013' title='bbox 2114 980 2170 1013; x_wconf 76' lang='lat' dir='ltr'>este</span> <span class='ocrx_word' id='word_1_1014' title='bbox 2188 981 2366 1019; x_wconf 83' lang='lat' dir='ltr'>putavimus,</span> 
     </span>
     <span class='ocr_line' id='line_1_114' title="bbox 1299 1019 2366 1060; baseline -0.003 -8"><span class='ocrx_word' id='word_1_1015' title='bbox 1299 1023 1336 1052; x_wconf 91' lang='lat' dir='ltr'>ab</span> <span class='ocrx_word' id='word_1_1016' title='bbox 1358 1031 1447 1059; x_wconf 83' lang='lat' dir='ltr'>eaque</span> <span class='ocrx_word' id='word_1_1017' title='bbox 1471 1021 1627 1058; x_wconf 89' lang='lat' dir='ltr'>petendum</span> <span class='ocrx_word' id='word_1_1018' title='bbox 1645 1044 1653 1059; x_wconf 88' lang='lat'>,</span> <span class='ocrx_word' id='word_1_1019' title='bbox 1675 1030 1706 1053; x_wconf 89' lang='lat' dir='ltr'>ut</span> <span class='ocrx_word' id='word_1_1020' title='bbox 1726 1020 1767 1050; x_wconf 90' lang='lat' dir='ltr'>G.</span> <span class='ocrx_word' id='word_1_1021' title='bbox 1783 1019 1938 1051; x_wconf 86' lang='lat' dir='ltr'>Watsonus</span> <span class='ocrx_word' id='word_1_1022' title='bbox 1955 1043 1964 1060; x_wconf 88' lang='lat'>,</span> <span class='ocrx_word' id='word_1_1023' title='bbox 1989 1020 2035 1051; x_wconf 91' lang='lat' dir='ltr'>vel</span> <span class='ocrx_word' id='word_1_1024' title='bbox 2053 1020 2112 1058; x_wconf 90' lang='lat' dir='ltr'>ejus</span> <span class='ocrx_word' id='word_1_1025' title='bbox 2138 1020 2340 1050; x_wconf 87' lang='lat' dir='ltr'>Procuratores</span> <span class='ocrx_word' id='word_1_1026' title='bbox 2354 1040 2366 1056; x_wconf 90' lang='lat'>,</span> 
     </span>
     <span class='ocr_line' id='line_1_115' title="bbox 1299 1057 2364 1098; baseline -0.003 -7"><span class='ocrx_word' id='word_1_1027' title='bbox 1299 1061 1420 1091; x_wconf 89' lang='lat' dir='ltr'>nomine</span> <span class='ocrx_word' id='word_1_1028' title='bbox 1443 1059 1542 1090; x_wconf 88' lang='lat' dir='ltr'>nostro</span> <span class='ocrx_word' id='word_1_1029' title='bbox 1564 1060 1579 1090; x_wconf 75' lang='grc' dir='ltr'>ὲ</span> <span class='ocrx_word' id='word_1_1030' title='bbox 1604 1061 1686 1090; x_wconf 89' lang='lat' dir='ltr'>vobis</span> <span class='ocrx_word' id='word_1_1031' title='bbox 1707 1058 1876 1098; x_wconf 89' lang='lat' dir='ltr'>potestatem</span> <span class='ocrx_word' id='word_1_1032' title='bbox 1893 1060 2032 1097; x_wconf 88' lang='lat' dir='ltr'>habeant,</span> <span class='ocrx_word' id='word_1_1033' title='bbox 2051 1059 2085 1090; x_wconf 91' lang='lat'>&amp;</span> <span class='ocrx_word' id='word_1_1034' title='bbox 2101 1059 2190 1089; x_wconf 78' lang='lat' dir='ltr'>libere</span> <span class='ocrx_word' id='word_1_1035' title='bbox 2210 1057 2364 1090; x_wconf 76' lang='lat' dir='ltr'>coemendi</span> 
     </span>
     <span class='ocr_line' id='line_1_116' title="bbox 1298 1096 2365 1136; baseline -0.003 -7"><span class='ocrx_word' id='word_1_1036' title='bbox 1298 1100 1328 1129; x_wconf 92' lang='lat' dir='ltr'>in</span> <span class='ocrx_word' id='word_1_1037' title='bbox 1342 1099 1375 1129; x_wconf 71' lang='lat' dir='ltr'>ea</span> <span class='ocrx_word' id='word_1_1038' title='bbox 1391 1099 1459 1129; x_wconf 89' lang='lat' dir='ltr'>urbe</span> <span class='ocrx_word' id='word_1_1039' title='bbox 1476 1121 1485 1135; x_wconf 88' lang='lat'>‚</span> <span class='ocrx_word' id='word_1_1040' title='bbox 1507 1099 1541 1130; x_wconf 88' lang='lat'>&amp;</span> <span class='ocrx_word' id='word_1_1041' title='bbox 1563 1098 1660 1129; x_wconf 79' lang='lat' dir='ltr'>secure</span> <span class='ocrx_word' id='word_1_1042' title='bbox 1682 1098 1788 1128; x_wconf 87' lang='lat' dir='ltr'>isthinc</span> <span class='ocrx_word' id='word_1_1043' title='bbox 1803 1097 1942 1128; x_wconf 85' lang='lat' dir='ltr'>avehendi</span> <span class='ocrx_word' id='word_1_1044' title='bbox 1957 1120 1966 1136; x_wconf 90' lang='lat'>,</span> <span class='ocrx_word' id='word_1_1045' title='bbox 1983 1098 2016 1129; x_wconf 77' lang='grc' dir='ltr'>δε</span> <span class='ocrx_word' id='word_1_1046' title='bbox 2031 1100 2094 1128; x_wconf 83' lang='lat' dir='ltr'>tuto</span> <span class='ocrx_word' id='word_1_1047' title='bbox 2109 1097 2145 1128; x_wconf 85' lang='lat' dir='ltr'>ad</span> <span class='ocrx_word' id='word_1_1048' title='bbox 2157 1107 2211 1128; x_wconf 89' lang='lat' dir='ltr'>nos</span> <span class='ocrx_word' id='word_1_1049' title='bbox 2223 1096 2365 1135; x_wconf 85' lang='lat' dir='ltr'>transpor-</span> 
     </span>
     <span class='ocr_line' id='line_1_117' title="bbox 1300 1136 2363 1174; baseline -0.001 -7"><span class='ocrx_word' id='word_1_1050' title='bbox 1300 1137 1392 1174; x_wconf 85' lang='lat' dir='ltr'>tandi,</span> <span class='ocrx_word' id='word_1_1051' title='bbox 1411 1137 1551 1174; x_wconf 84' lang='lat' dir='ltr'>quicquid</span> <span class='ocrx_word' id='word_1_1052' title='bbox 1566 1136 1642 1167; x_wconf 88' lang='lat' dir='ltr'>istius</span> <span class='ocrx_word' id='word_1_1053' title='bbox 1658 1137 1738 1167; x_wconf 88' lang='lat' dir='ltr'>modi</span> <span class='ocrx_word' id='word_1_1054' title='bbox 1751 1146 1844 1166; x_wconf 88' lang='lat' dir='ltr'>rerum</span> <span class='ocrx_word' id='word_1_1055' title='bbox 1864 1136 1898 1166; x_wconf 92' lang='lat' dir='ltr'>ad</span> <span class='ocrx_word' id='word_1_1056' title='bbox 1919 1136 2002 1167; x_wconf 88' lang='lat' dir='ltr'>usum</span> <span class='ocrx_word' id='word_1_1057' title='bbox 2024 1136 2156 1167; x_wconf 90' lang='lat' dir='ltr'>nostrum</span> <span class='ocrx_word' id='word_1_1058' title='bbox 2176 1137 2214 1166; x_wconf 90' lang='lat' dir='ltr'>ab</span> <span class='ocrx_word' id='word_1_1059' title='bbox 2229 1137 2269 1167; x_wconf 86' lang='lat' dir='ltr'>eis</span> <span class='ocrx_word' id='word_1_1060' title='bbox 2282 1144 2363 1174; x_wconf 86' lang='lat' dir='ltr'>para-</span> 
     </span>
     <span class='ocr_line' id='line_1_118' title="bbox 1299 1173 2365 1214; baseline -0.002 -8"><span class='ocrx_word' id='word_1_1061' title='bbox 1299 1186 1362 1206; x_wconf 92' lang='lat' dir='ltr'>tum</span> <span class='ocrx_word' id='word_1_1062' title='bbox 1379 1175 1481 1211; x_wconf 66' lang='lat' dir='ltr'>fuerit,</span> <span class='ocrx_word' id='word_1_1063' title='bbox 1501 1183 1587 1213; x_wconf 88' lang='lat' dir='ltr'>utque</span> <span class='ocrx_word' id='word_1_1064' title='bbox 1601 1176 1648 1205; x_wconf 88' lang='lat' dir='ltr'>has</span> <span class='ocrx_word' id='word_1_1065' title='bbox 1663 1185 1722 1214; x_wconf 90' lang='lat' dir='ltr'>res,</span> <span class='ocrx_word' id='word_1_1066' title='bbox 1739 1175 1842 1212; x_wconf 89' lang='lat' dir='ltr'>absque</span> <span class='ocrx_word' id='word_1_1067' title='bbox 1856 1175 1988 1213; x_wconf 68' lang='lat' dir='ltr'>vectigali</span> <span class='ocrx_word' id='word_1_1068' title='bbox 2004 1197 2013 1212; x_wconf 93' lang='lat'>,</span> <span class='ocrx_word' id='word_1_1069' title='bbox 2031 1174 2135 1206; x_wconf 89' lang='lat' dir='ltr'>isthinc</span> <span class='ocrx_word' id='word_1_1070' title='bbox 2149 1183 2296 1212; x_wconf 82' lang='lat' dir='ltr'>exportare</span> <span class='ocrx_word' id='word_1_1071' title='bbox 2310 1173 2365 1204; x_wconf 89' lang='lat' dir='ltr'>illis</span> 
     </span>
     <span class='ocr_line' id='line_1_119' title="bbox 1302 1213 2357 1252; baseline -0.002 -8"><span class='ocrx_word' id='word_1_1072' title='bbox 1302 1216 1446 1252; x_wconf 82' lang='lat' dir='ltr'>integrum</span> <span class='ocrx_word' id='word_1_1073' title='bbox 1464 1214 1512 1252; x_wconf 80' lang='lat' dir='ltr'>lit,</span> <span class='ocrx_word' id='word_1_1074' title='bbox 1536 1224 1623 1252; x_wconf 88' lang='lat' dir='ltr'>quam</span> <span class='ocrx_word' id='word_1_1075' title='bbox 1635 1213 1757 1244; x_wconf 86' lang='lat' dir='ltr'>vestram</span> <span class='ocrx_word' id='word_1_1076' title='bbox 1777 1213 1982 1244; x_wconf 87' lang='lat' dir='ltr'>humanitatem</span> <span class='ocrx_word' id='word_1_1077' title='bbox 2003 1213 2091 1243; x_wconf 90' lang='lat' dir='ltr'>nostri</span> <span class='ocrx_word' id='word_1_1078' title='bbox 2106 1213 2310 1244; x_wconf 87' lang='lat' dir='ltr'>Procuratores</span> <span class='ocrx_word' id='word_1_1079' title='bbox 2327 1213 2357 1242; x_wconf 90' lang='lat' dir='ltr'>in</span> 
     </span>
     <span class='ocr_line' id='line_1_120' title="bbox 1301 1251 2362 1291; baseline -0.001 -8"><span class='ocrx_word' id='word_1_1080' title='bbox 1301 1256 1388 1283; x_wconf 79' lang='lat' dir='ltr'>caulis</span> <span class='ocrx_word' id='word_1_1081' title='bbox 1403 1252 1541 1283; x_wconf 79' lang='lat' dir='ltr'>similibus</span> <span class='ocrx_word' id='word_1_1082' title='bbox 1553 1261 1633 1282; x_wconf 86' lang='lat' dir='ltr'>antea</span> <span class='ocrx_word' id='word_1_1083' title='bbox 1647 1252 1756 1291; x_wconf 87' lang='lat' dir='ltr'>semper</span> <span class='ocrx_word' id='word_1_1084' title='bbox 1769 1252 1876 1291; x_wconf 83' lang='lat' dir='ltr'>experti</span> <span class='ocrx_word' id='word_1_1085' title='bbox 1889 1251 1960 1284; x_wconf 89' lang='lat' dir='ltr'>sunt.</span> <span class='ocrx_word' id='word_1_1086' title='bbox 1969 1251 2060 1291; x_wconf 85' lang='lat' dir='ltr'>Qod</span> <span class='ocrx_word' id='word_1_1087' title='bbox 2075 1252 2094 1282; x_wconf 89' lang='lat' dir='ltr'>fi</span> <span class='ocrx_word' id='word_1_1088' title='bbox 2110 1251 2288 1283; x_wconf 78' lang='lat' dir='ltr'>aSerenitate</span> <span class='ocrx_word' id='word_1_1089' title='bbox 2302 1251 2362 1284; x_wconf 86' lang='lat' dir='ltr'>Ve-</span> 
     </span>
     <span class='ocr_line' id='line_1_121' title="bbox 1302 1290 2363 1329; baseline -0.001 -8"><span class='ocrx_word' id='word_1_1090' title='bbox 1302 1291 1357 1321; x_wconf 77' lang='lat' dir='ltr'>stra</span> <span class='ocrx_word' id='word_1_1091' title='bbox 1373 1291 1619 1328; x_wconf 85' lang='lat' dir='ltr'>impetraverimus</span> <span class='ocrx_word' id='word_1_1092' title='bbox 1634 1314 1643 1329; x_wconf 94' lang='lat'>,</span> <span class='ocrx_word' id='word_1_1093' title='bbox 1667 1290 1847 1329; x_wconf 84' lang='lat' dir='ltr'>curabimus,</span> <span class='ocrx_word' id='word_1_1094' title='bbox 1865 1298 1895 1321; x_wconf 91' lang='lat' dir='ltr'>ut</span> <span class='ocrx_word' id='word_1_1095' title='bbox 1907 1300 1976 1326; x_wconf 87' lang='lat' dir='ltr'>cum</span> <span class='ocrx_word' id='word_1_1096' title='bbox 1991 1291 2085 1322; x_wconf 86' lang='lat' dir='ltr'>similis</span> <span class='ocrx_word' id='word_1_1097' title='bbox 2097 1290 2253 1322; x_wconf 88' lang='lat' dir='ltr'>vestrarum</span> <span class='ocrx_word' id='word_1_1098' title='bbox 2267 1298 2363 1320; x_wconf 90' lang='lat' dir='ltr'>rerum</span> 
     </span>
     <span class='ocr_line' id='line_1_122' title="bbox 1302 1328 2366 1368; baseline -0.001 -8"><span class='ocrx_word' id='word_1_1099' title='bbox 1302 1330 1361 1361; x_wconf 87' lang='lat' dir='ltr'>usus</span> <span class='ocrx_word' id='word_1_1100' title='bbox 1387 1339 1486 1367; x_wconf 86' lang='lat' dir='ltr'>parem</span> <span class='ocrx_word' id='word_1_1101' title='bbox 1506 1330 1521 1359; x_wconf 78' lang='lat' dir='ltr'>a</span> <span class='ocrx_word' id='word_1_1102' title='bbox 1542 1331 1625 1360; x_wconf 90' lang='lat' dir='ltr'>nobis</span> <span class='ocrx_word' id='word_1_1103' title='bbox 1647 1329 1877 1360; x_wconf 81' lang='lat' dir='ltr'>benevolentiam</span> <span class='ocrx_word' id='word_1_1104' title='bbox 1899 1330 2022 1367; x_wconf 88' lang='lat' dir='ltr'>requiret</span> <span class='ocrx_word' id='word_1_1105' title='bbox 2037 1352 2048 1368; x_wconf 92' lang='lat'>,</span> <span class='ocrx_word' id='word_1_1106' title='bbox 2074 1328 2183 1360; x_wconf 84' lang='lat' dir='ltr'>Vestrae</span> <span class='ocrx_word' id='word_1_1107' title='bbox 2205 1328 2366 1368; x_wconf 75' lang='lat' dir='ltr'>Majestaris</span> 
     </span>
     <span class='ocr_line' id='line_1_123' title="bbox 1302 1366 2367 1438; baseline -0.002 -39"><span class='ocrx_word' id='word_1_1108' title='bbox 1302 1369 1333 1438; x_wconf 64' lang='grc' dir='ltr'>ἱκΓ</span> <span class='ocrx_word' id='word_1_1109' title='bbox 1349 1368 1478 1437; x_wconf 50' lang='lat' dir='ltr'>elawparte</span> <span class='ocrx_word' id='word_1_1110' title='bbox 1496 1368 1679 1408; x_wconf 90' lang='lat' dir='ltr'>postulationi</span> <span class='ocrx_word' id='word_1_1111' title='bbox 1700 1368 1822 1399; x_wconf 87' lang='lat' dir='ltr'>libenter</span> <span class='ocrx_word' id='word_1_1112' title='bbox 1842 1367 2053 1400; x_wconf 84' lang='lat' dir='ltr'>satisfaciamus.</span> <span class='ocrx_word' id='word_1_1113' title='bbox 2076 1366 2173 1406; x_wconf 84' lang='lat' dir='ltr'>Deus,</span> <span class='ocrx_word' id='word_1_1114' title='bbox 2187 1368 2250 1400; x_wconf 88' lang='lat' dir='ltr'>&amp;c.</span> <span class='ocrx_word' id='word_1_1115' title='bbox 2267 1367 2367 1400; x_wconf 78' lang='lat' dir='ltr'>&#39;West.</span> 
     </span>
     <span class='ocr_line' id='line_1_124' title="bbox 1303 1416 1477 1438; baseline -0.011 0"><span class='ocrx_word' id='word_1_1116' title='bbox 1303 1425 1316 1438; x_wconf 66' lang='lat' dir='ltr'><em>A</em></span> <span class='ocrx_word' id='word_1_1117' title='bbox 1339 1431 1346 1438; x_wconf 89' lang='lat'><strong>.</strong></span> <span class='ocrx_word' id='word_1_1118' title='bbox 1403 1416 1477 1437; x_wconf 91' lang='lat' dir='ltr'>artii.</span> 
     </span>
    </p>
   </div>
   <div class='ocr_carea' id='block_1_13' title="bbox 1310 1481 2367 1496">
    <p class='ocr_par' dir='ltr' id='par_1_15' title="bbox 1310 1481 2367 1496">
     <span class='ocr_line' id='line_1_125' title="bbox 1310 1481 2367 1496; baseline 0 2767"><span class='ocrx_word' id='word_1_1119' title='bbox 1310 1481 2367 1496; x_wconf 95' lang='lat' dir='ltr'> </span> 
     </span>
    </p>
   </div>
   <div class='ocr_carea' id='block_1_14' title="bbox 1571 1535 2087 1582">
    <p class='ocr_par' dir='ltr' id='par_1_16' title="bbox 1571 1535 2087 1582">
     <span class='ocr_line' id='line_1_126' title="bbox 1571 1535 2087 1582; baseline -0.004 -8"><span class='ocrx_word' id='word_1_1120' title='bbox 1571 1540 1702 1574; x_wconf 78' lang='lat' dir='ltr'><em>Domino</em></span> <span class='ocrx_word' id='word_1_1121' title='bbox 1718 1535 1844 1571; x_wconf 81' lang='lat' dir='ltr'>Alberto</span> <span class='ocrx_word' id='word_1_1122' title='bbox 1861 1540 1944 1573; x_wconf 85' lang='lat' dir='ltr'>Duci</span> <span class='ocrx_word' id='word_1_1123' title='bbox 1962 1536 2087 1582; x_wconf 83' lang='lat' dir='ltr'>Pruffiae.</span> 
     </span>
    </p>
   </div>
   <div class='ocr_carea' id='block_1_15' title="bbox 1299 1621 2369 2477">
    <p class='ocr_par' dir='ltr' id='par_1_17' title="bbox 1299 1621 2369 2477">
     <span class='ocr_line' id='line_1_127' title="bbox 1301 1621 2364 1686; baseline 0 -31"><span class='ocrx_word' id='word_1_1124' title='bbox 1301 1623 1524 1686; x_wconf 72' lang='lat' dir='ltr'>ILlustriss&#39;i&#39;me</span> <span class='ocrx_word' id='word_1_1125' title='bbox 1541 1623 1920 1663; x_wconf 77' lang='lat' dir='ltr'>Princeps‚Consanguinee</span> <span class='ocrx_word' id='word_1_1126' title='bbox 1933 1624 1966 1656; x_wconf 89' lang='lat'>&amp;</span> <span class='ocrx_word' id='word_1_1127' title='bbox 1981 1624 2087 1656; x_wconf 87' lang='lat' dir='ltr'>Amice</span> <span class='ocrx_word' id='word_1_1128' title='bbox 2096 1621 2278 1655; x_wconf 82' lang='lat' dir='ltr'>Chariffime.</span> <span class='ocrx_word' id='word_1_1129' title='bbox 2291 1621 2364 1656; x_wconf 81' lang='lat' dir='ltr'>Per-</span> 
     </span>
     <span class='ocr_line' id='line_1_128' title="bbox 1351 1661 2364 1701; baseline 0.001 -8"><span class='ocrx_word' id='word_1_1130' title='bbox 1351 1672 1446 1701; x_wconf 90' lang='lat' dir='ltr'>gratus</span> <span class='ocrx_word' id='word_1_1131' title='bbox 1465 1665 1549 1695; x_wconf 90' lang='lat' dir='ltr'>nobis</span> <span class='ocrx_word' id='word_1_1132' title='bbox 1568 1664 1622 1695; x_wconf 81' lang='lat' dir='ltr'>fuit</span> <span class='ocrx_word' id='word_1_1133' title='bbox 1648 1663 1732 1693; x_wconf 87' lang='lat' dir='ltr'>favor</span> <span class='ocrx_word' id='word_1_1134' title='bbox 1749 1672 1836 1701; x_wconf 88' lang='lat' dir='ltr'>quem</span> <span class='ocrx_word' id='word_1_1135' title='bbox 1853 1662 1951 1694; x_wconf 89' lang='lat' dir='ltr'>Vestra</span> <span class='ocrx_word' id='word_1_1136' title='bbox 1967 1661 2141 1694; x_wconf 87' lang='lat' dir='ltr'>Excellentia</span> <span class='ocrx_word' id='word_1_1137' title='bbox 2162 1662 2299 1700; x_wconf 87' lang='lat' dir='ltr'>superiori</span> <span class='ocrx_word' id='word_1_1138' title='bbox 2314 1674 2364 1694; x_wconf 82' lang='lat' dir='ltr'>an·-</span> 
     </span>
     <span class='ocr_line' id='line_1_129' title="bbox 1300 1700 2361 1743; baseline 0.003 -13"><span class='ocrx_word' id='word_1_1139' title='bbox 1300 1711 1340 1731; x_wconf 91' lang='lat' dir='ltr'>no</span> <span class='ocrx_word' id='word_1_1140' title='bbox 1354 1701 1480 1733; x_wconf 84' lang='lat' dir='ltr'>ostendit</span> <span class='ocrx_word' id='word_1_1141' title='bbox 1495 1712 1561 1743; x_wconf 84' lang='lat' dir='ltr'>erga</span> <span class='ocrx_word' id='word_1_1142' title='bbox 1582 1701 1623 1732; x_wconf 89' lang='lat' dir='ltr'>G.</span> <span class='ocrx_word' id='word_1_1143' title='bbox 1641 1701 1817 1732; x_wconf 89' lang='lat' dir='ltr'>Watsonum</span> <span class='ocrx_word' id='word_1_1144' title='bbox 1835 1701 1947 1732; x_wconf 81' lang='lat' dir='ltr'>fidelem</span> <span class='ocrx_word' id='word_1_1145' title='bbox 1972 1700 2103 1732; x_wconf 87' lang='lat' dir='ltr'>nostrum</span> <span class='ocrx_word' id='word_1_1146' title='bbox 2123 1702 2309 1740; x_wconf 85' lang='lat' dir='ltr'>familiarem,</span> <span class='ocrx_word' id='word_1_1147' title='bbox 2326 1702 2361 1733; x_wconf 89' lang='lat'>&amp;</span> 
     </span>
     <span class='ocr_line' id='line_1_130' title="bbox 1300 1739 2361 1780; baseline 0.003 -11"><span class='ocrx_word' id='word_1_1148' title='bbox 1300 1740 1359 1777; x_wconf 88' lang='lat' dir='ltr'>ejus</span> <span class='ocrx_word' id='word_1_1149' title='bbox 1370 1741 1518 1780; x_wconf 67' lang='lat' dir='ltr'>Factores,</span> <span class='ocrx_word' id='word_1_1150' title='bbox 1539 1741 1610 1772; x_wconf 71' lang='lat' dir='ltr'>crim</span> <span class='ocrx_word' id='word_1_1151' title='bbox 1624 1748 1753 1778; x_wconf 88' lang='lat' dir='ltr'>pararent</span> <span class='ocrx_word' id='word_1_1152' title='bbox 1766 1740 1866 1771; x_wconf 92' lang='lat' dir='ltr'>nostro</span> <span class='ocrx_word' id='word_1_1153' title='bbox 1883 1740 2006 1771; x_wconf 91' lang='lat' dir='ltr'>nomine</span> <span class='ocrx_word' id='word_1_1154' title='bbox 2022 1741 2051 1770; x_wconf 92' lang='lat' dir='ltr'>in</span> <span class='ocrx_word' id='word_1_1155' title='bbox 2066 1739 2157 1771; x_wconf 56' lang='lat' dir='ltr'>vestra</span> <span class='ocrx_word' id='word_1_1156' title='bbox 2170 1739 2280 1770; x_wconf 90' lang='lat' dir='ltr'>ditione</span> <span class='ocrx_word' id='word_1_1157' title='bbox 2296 1750 2361 1772; x_wconf 89' lang='lat' dir='ltr'>rem</span> 
     </span>
     <span class='ocr_line' id='line_1_131' title="bbox 1304 1777 2368 1819; baseline 0.003 -11"><span class='ocrx_word' id='word_1_1158' title='bbox 1304 1779 1516 1810; x_wconf 85' lang='lat' dir='ltr'>frumentariam</span> <span class='ocrx_word' id='word_1_1159' title='bbox 1528 1803 1537 1818; x_wconf 95' lang='lat'>,</span> <span class='ocrx_word' id='word_1_1160' title='bbox 1553 1781 1586 1811; x_wconf 92' lang='lat'>&amp;</span> <span class='ocrx_word' id='word_1_1161' title='bbox 1604 1787 1694 1810; x_wconf 88' lang='lat' dir='ltr'>certas</span> <span class='ocrx_word' id='word_1_1162' title='bbox 1705 1779 1768 1809; x_wconf 87' lang='lat' dir='ltr'>alias</span> <span class='ocrx_word' id='word_1_1163' title='bbox 1787 1789 1830 1809; x_wconf 89' lang='lat' dir='ltr'>res</span> <span class='ocrx_word' id='word_1_1164' title='bbox 1843 1778 1879 1809; x_wconf 89' lang='lat' dir='ltr'>ad</span> <span class='ocrx_word' id='word_1_1165' title='bbox 1894 1779 1977 1809; x_wconf 91' lang='lat' dir='ltr'>usum</span> <span class='ocrx_word' id='word_1_1166' title='bbox 1994 1777 2084 1810; x_wconf 85' lang='lat' dir='ltr'>claffis</span> <span class='ocrx_word' id='word_1_1167' title='bbox 2097 1779 2202 1810; x_wconf 88' lang='lat' dir='ltr'>nostrae</span> <span class='ocrx_word' id='word_1_1168' title='bbox 2218 1788 2368 1819; x_wconf 86' lang='lat' dir='ltr'>perneces-</span> 
     </span>
     <span class='ocr_line' id='line_1_132' title="bbox 1303 1817 2369 1856; baseline 0.001 -8"><span class='ocrx_word' id='word_1_1169' title='bbox 1303 1818 1390 1848; x_wconf 73' lang='lat' dir='ltr'>sarias.</span> <span class='ocrx_word' id='word_1_1170' title='bbox 1411 1818 1547 1849; x_wconf 88' lang='lat' dir='ltr'>Libenter</span> <span class='ocrx_word' id='word_1_1171' title='bbox 1561 1817 1745 1855; x_wconf 81' lang='lat' dir='ltr'>agnoscimus</span> <span class='ocrx_word' id='word_1_1172' title='bbox 1759 1818 1794 1849; x_wconf 90' lang='lat'>&amp;</span> <span class='ocrx_word' id='word_1_1173' title='bbox 1811 1817 1890 1856; x_wconf 77' lang='lat' dir='ltr'>grata</span> <span class='ocrx_word' id='word_1_1174' title='bbox 1906 1817 2059 1848; x_wconf 88' lang='lat' dir='ltr'>retinemus</span> <span class='ocrx_word' id='word_1_1175' title='bbox 2072 1818 2214 1849; x_wconf 71' lang='lat' dir='ltr'>memoria</span> <span class='ocrx_word' id='word_1_1176' title='bbox 2228 1818 2303 1849; x_wconf 81' lang='lat' dir='ltr'>hanc</span> <span class='ocrx_word' id='word_1_1177' title='bbox 2317 1828 2369 1851; x_wconf 87' lang='lat' dir='ltr'>ve-</span> 
     </span>
     <span class='ocr_line' id='line_1_133' title="bbox 1304 1855 2369 1895; baseline 0.003 -10"><span class='ocrx_word' id='word_1_1178' title='bbox 1304 1856 1390 1887; x_wconf 76' lang='lat' dir='ltr'>stram</span> <span class='ocrx_word' id='word_1_1179' title='bbox 1407 1866 1472 1895; x_wconf 85' lang='lat' dir='ltr'>erga</span> <span class='ocrx_word' id='word_1_1180' title='bbox 1488 1867 1541 1887; x_wconf 90' lang='lat' dir='ltr'>nos</span> <span class='ocrx_word' id='word_1_1181' title='bbox 1554 1857 1587 1887; x_wconf 66' lang='grc' dir='ltr'>ὃς</span> <span class='ocrx_word' id='word_1_1182' title='bbox 1603 1855 1714 1886; x_wconf 90' lang='lat' dir='ltr'>nostros</span> <span class='ocrx_word' id='word_1_1183' title='bbox 1727 1864 1787 1886; x_wconf 87' lang='lat' dir='ltr'>tam</span> <span class='ocrx_word' id='word_1_1184' title='bbox 1809 1864 2002 1894; x_wconf 87' lang='lat' dir='ltr'>opportunam</span> <span class='ocrx_word' id='word_1_1185' title='bbox 2022 1856 2254 1887; x_wconf 88' lang='lat' dir='ltr'>benevolentiam</span> <span class='ocrx_word' id='word_1_1186' title='bbox 2268 1879 2278 1894; x_wconf 89' lang='lat'>,</span> <span class='ocrx_word' id='word_1_1187' title='bbox 2298 1866 2369 1895; x_wconf 89' lang='lat' dir='ltr'>ope-</span> 
     </span>
     <span class='ocr_line' id='line_1_134' title="bbox 1304 1893 2366 1934; baseline 0.002 -10"><span class='ocrx_word' id='word_1_1188' title='bbox 1304 1905 1420 1934; x_wconf 84' lang='lat' dir='ltr'>ramque</span> <span class='ocrx_word' id='word_1_1189' title='bbox 1434 1896 1581 1934; x_wconf 87' lang='lat' dir='ltr'>dabimus,</span> <span class='ocrx_word' id='word_1_1190' title='bbox 1600 1903 1629 1925; x_wconf 92' lang='lat' dir='ltr'>ut</span> <span class='ocrx_word' id='word_1_1191' title='bbox 1646 1894 1701 1932; x_wconf 69' lang='lat' dir='ltr'>qui</span> <span class='ocrx_word' id='word_1_1192' title='bbox 1719 1895 1747 1924; x_wconf 92' lang='lat' dir='ltr'>in</span> <span class='ocrx_word' id='word_1_1193' title='bbox 1772 1904 1801 1924; x_wconf 91' lang='lat' dir='ltr'>re</span> <span class='ocrx_word' id='word_1_1194' title='bbox 1813 1917 1823 1932; x_wconf 93' lang='lat'>,</span> <span class='ocrx_word' id='word_1_1195' title='bbox 1842 1893 1942 1925; x_wconf 89' lang='lat' dir='ltr'>vestrae</span> <span class='ocrx_word' id='word_1_1196' title='bbox 1957 1894 2082 1925; x_wconf 85' lang='lat' dir='ltr'>viciffim</span> <span class='ocrx_word' id='word_1_1197' title='bbox 2097 1893 2280 1926; x_wconf 86' lang='lat' dir='ltr'>Excellentiae</span> <span class='ocrx_word' id='word_1_1198' title='bbox 2299 1904 2366 1934; x_wconf 84' lang='lat' dir='ltr'>pos-</span> 
     </span>
     <span class='ocr_line' id='line_1_135' title="bbox 1304 1932 2366 1976; baseline 0.001 -12"><span class='ocrx_word' id='word_1_1199' title='bbox 1304 1934 1400 1964; x_wconf 88' lang='lat' dir='ltr'>sumus</span> <span class='ocrx_word' id='word_1_1200' title='bbox 1413 1933 1576 1973; x_wconf 84' lang='lat' dir='ltr'>gratificari,</span> <span class='ocrx_word' id='word_1_1201' title='bbox 1587 1943 1635 1971; x_wconf 89' lang='lat' dir='ltr'>par</span> <span class='ocrx_word' id='word_1_1202' title='bbox 1650 1932 1755 1962; x_wconf 87' lang='lat' dir='ltr'>nostrae</span> <span class='ocrx_word' id='word_1_1203' title='bbox 1767 1942 1880 1970; x_wconf 88' lang='lat' dir='ltr'>quoque</span> <span class='ocrx_word' id='word_1_1204' title='bbox 1895 1940 2002 1963; x_wconf 90' lang='lat' dir='ltr'>mutuae</span> <span class='ocrx_word' id='word_1_1205' title='bbox 2013 1933 2223 1976; x_wconf 77' lang='lat' dir='ltr'>benevolentiae</span> <span class='ocrx_word' id='word_1_1206' title='bbox 2238 1932 2366 1965; x_wconf 86' lang='lat' dir='ltr'>studium</span> 
     </span>
     <span class='ocr_line' id='line_1_136' title="bbox 1304 1970 2364 2008; baseline -0.002 -5"><span class='ocrx_word' id='word_1_1207' title='bbox 1304 1972 1424 2003; x_wconf 87' lang='lat' dir='ltr'>libenter</span> <span class='ocrx_word' id='word_1_1208' title='bbox 1444 1972 1636 2003; x_wconf 89' lang='lat' dir='ltr'>ostendamus.</span> <span class='ocrx_word' id='word_1_1209' title='bbox 1654 1970 1726 2002; x_wconf 87' lang='lat' dir='ltr'>Hoc</span> <span class='ocrx_word' id='word_1_1210' title='bbox 1743 1973 1827 2002; x_wconf 87' lang='lat' dir='ltr'>etiam</span> <span class='ocrx_word' id='word_1_1211' title='bbox 1842 1979 1973 2008; x_wconf 90' lang='lat' dir='ltr'>tempore</span> <span class='ocrx_word' id='word_1_1212' title='bbox 1995 1971 2088 2002; x_wconf 79' lang='lat' dir='ltr'>eidem</span> <span class='ocrx_word' id='word_1_1213' title='bbox 2106 1970 2259 2002; x_wconf 89' lang='lat' dir='ltr'>Gulielmo</span> <span class='ocrx_word' id='word_1_1214' title='bbox 2275 1974 2364 2005; x_wconf 80' lang='lat' dir='ltr'>Wat-</span> 
     </span>
     <span class='ocr_line' id='line_1_137' title="bbox 1303 2009 2365 2051; baseline 0.003 -11"><span class='ocrx_word' id='word_1_1215' title='bbox 1303 2011 1374 2042; x_wconf 89' lang='lat' dir='ltr'>sono</span> <span class='ocrx_word' id='word_1_1216' title='bbox 1396 2012 1428 2043; x_wconf 88' lang='lat'>&amp;</span> <span class='ocrx_word' id='word_1_1217' title='bbox 1442 2012 1502 2050; x_wconf 89' lang='lat' dir='ltr'>ejus</span> <span class='ocrx_word' id='word_1_1218' title='bbox 1517 2010 1684 2041; x_wconf 67' lang='lat' dir='ltr'>Faetoribus</span> <span class='ocrx_word' id='word_1_1219' title='bbox 1704 2011 1854 2048; x_wconf 87' lang='lat' dir='ltr'>negotium</span> <span class='ocrx_word' id='word_1_1220' title='bbox 1877 2009 2008 2043; x_wconf 88' lang='lat' dir='ltr'>dedimus</span> <span class='ocrx_word' id='word_1_1221' title='bbox 2023 2031 2034 2048; x_wconf 89' lang='lat'>‚</span> <span class='ocrx_word' id='word_1_1222' title='bbox 2051 2017 2083 2040; x_wconf 91' lang='lat' dir='ltr'>ut</span> <span class='ocrx_word' id='word_1_1223' title='bbox 2097 2009 2195 2048; x_wconf 85' lang='lat' dir='ltr'>funes,</span> <span class='ocrx_word' id='word_1_1224' title='bbox 2213 2011 2365 2051; x_wconf 85' lang='lat' dir='ltr'>rudentes,</span> 
     </span>
     <span class='ocr_line' id='line_1_138' title="bbox 1304 2047 2363 2089; baseline 0 -9"><span class='ocrx_word' id='word_1_1225' title='bbox 1304 2050 1394 2081; x_wconf 87' lang='lat' dir='ltr'>malos</span> <span class='ocrx_word' id='word_1_1226' title='bbox 1409 2074 1418 2089; x_wconf 87' lang='lat'>,</span> <span class='ocrx_word' id='word_1_1227' title='bbox 1441 2051 1556 2087; x_wconf 71' lang='lat' dir='ltr'>asseres,</span> <span class='ocrx_word' id='word_1_1228' title='bbox 1575 2059 1667 2080; x_wconf 91' lang='lat' dir='ltr'>remos</span> <span class='ocrx_word' id='word_1_1229' title='bbox 1681 2071 1691 2086; x_wconf 92' lang='lat'>,</span> <span class='ocrx_word' id='word_1_1230' title='bbox 1709 2050 1804 2086; x_wconf 86' lang='lat' dir='ltr'>picem</span> <span class='ocrx_word' id='word_1_1231' title='bbox 1824 2049 1858 2080; x_wconf 78' lang='grc' dir='ltr'>δε</span> <span class='ocrx_word' id='word_1_1232' title='bbox 1873 2048 1936 2078; x_wconf 89' lang='lat' dir='ltr'>alias</span> <span class='ocrx_word' id='word_1_1233' title='bbox 1949 2057 1992 2078; x_wconf 90' lang='lat' dir='ltr'>res</span> <span class='ocrx_word' id='word_1_1234' title='bbox 2003 2048 2038 2078; x_wconf 91' lang='lat' dir='ltr'>ad</span> <span class='ocrx_word' id='word_1_1235' title='bbox 2054 2047 2143 2079; x_wconf 85' lang='lat' dir='ltr'>claffis</span> <span class='ocrx_word' id='word_1_1236' title='bbox 2161 2048 2265 2080; x_wconf 80' lang='lat' dir='ltr'>nostrae</span> <span class='ocrx_word' id='word_1_1237' title='bbox 2281 2051 2363 2083; x_wconf 90' lang='lat' dir='ltr'>usum</span> 
     </span>
     <span class='ocr_line' id='line_1_139' title="bbox 1304 2085 2366 2128; baseline 0.003 -9"><span class='ocrx_word' id='word_1_1238' title='bbox 1304 2097 1411 2126; x_wconf 85' lang='lat' dir='ltr'>parent.</span> <span class='ocrx_word' id='word_1_1239' title='bbox 1447 2089 1519 2128; x_wconf 80' lang='lat' dir='ltr'>Qio</span> <span class='ocrx_word' id='word_1_1240' title='bbox 1537 2089 1566 2118; x_wconf 94' lang='lat' dir='ltr'>in</span> <span class='ocrx_word' id='word_1_1241' title='bbox 1582 2089 1701 2127; x_wconf 85' lang='lat' dir='ltr'>negotio</span> <span class='ocrx_word' id='word_1_1242' title='bbox 1719 2087 1740 2117; x_wconf 92' lang='lat' dir='ltr'>si</span> <span class='ocrx_word' id='word_1_1243' title='bbox 1755 2087 1922 2118; x_wconf 89' lang='lat' dir='ltr'>consuetam</span> <span class='ocrx_word' id='word_1_1244' title='bbox 1939 2085 2061 2117; x_wconf 88' lang='lat' dir='ltr'>vestram</span> <span class='ocrx_word' id='word_1_1245' title='bbox 2075 2087 2304 2120; x_wconf 88' lang='lat' dir='ltr'>benevolentiam</span> <span class='ocrx_word' id='word_1_1246' title='bbox 2316 2100 2366 2122; x_wconf 82' lang='lat' dir='ltr'>ex-</span> 
     </span>
     <span class='ocr_line' id='line_1_140' title="bbox 1305 2125 2364 2168; baseline 0 -9"><span class='ocrx_word' id='word_1_1247' title='bbox 1305 2130 1445 2167; x_wconf 82' lang='lat' dir='ltr'>periantur</span> <span class='ocrx_word' id='word_1_1248' title='bbox 1460 2150 1469 2164; x_wconf 88' lang='lat'>,</span> <span class='ocrx_word' id='word_1_1249' title='bbox 1496 2135 1624 2166; x_wconf 82' lang='lat' dir='ltr'>pergrata</span> <span class='ocrx_word' id='word_1_1250' title='bbox 1645 2127 1727 2157; x_wconf 90' lang='lat' dir='ltr'>nobis</span> <span class='ocrx_word' id='word_1_1251' title='bbox 1750 2135 1791 2157; x_wconf 90' lang='lat' dir='ltr'>res</span> <span class='ocrx_word' id='word_1_1252' title='bbox 1818 2127 1879 2156; x_wconf 88' lang='lat' dir='ltr'>erit.</span> <span class='ocrx_word' id='word_1_1253' title='bbox 1915 2125 2054 2157; x_wconf 87' lang='lat' dir='ltr'>Praeterea</span> <span class='ocrx_word' id='word_1_1254' title='bbox 2075 2133 2208 2164; x_wconf 83' lang='lat' dir='ltr'>rogamus</span> <span class='ocrx_word' id='word_1_1255' title='bbox 2222 2150 2233 2166; x_wconf 89' lang='lat'>,</span> <span class='ocrx_word' id='word_1_1256' title='bbox 2252 2137 2283 2159; x_wconf 92' lang='lat' dir='ltr'>ut</span> <span class='ocrx_word' id='word_1_1257' title='bbox 2296 2139 2364 2168; x_wconf 84' lang='lat' dir='ltr'>quas</span> 
     </span>
     <span class='ocr_line' id='line_1_141' title="bbox 1306 2163 2364 2203; baseline 0.003 -6"><span class='ocrx_word' id='word_1_1258' title='bbox 1306 2176 1414 2198; x_wconf 87' lang='lat' dir='ltr'>merces</span> <span class='ocrx_word' id='word_1_1259' title='bbox 1429 2166 1469 2196; x_wconf 92' lang='lat' dir='ltr'>G.</span> <span class='ocrx_word' id='word_1_1260' title='bbox 1480 2165 1634 2197; x_wconf 88' lang='lat' dir='ltr'>Watsonus</span> <span class='ocrx_word' id='word_1_1261' title='bbox 1648 2173 1696 2196; x_wconf 88' lang='lat' dir='ltr'>aut</span> <span class='ocrx_word' id='word_1_1262' title='bbox 1712 2165 1768 2203; x_wconf 83' lang='lat' dir='ltr'>ejus</span> <span class='ocrx_word' id='word_1_1263' title='bbox 1782 2163 1913 2195; x_wconf 58' lang='lat' dir='ltr'>Fastores</span> <span class='ocrx_word' id='word_1_1264' title='bbox 1929 2164 2024 2195; x_wconf 90' lang='lat' dir='ltr'>secum</span> <span class='ocrx_word' id='word_1_1265' title='bbox 2040 2165 2069 2194; x_wconf 94' lang='lat' dir='ltr'>in</span> <span class='ocrx_word' id='word_1_1266' title='bbox 2085 2163 2207 2195; x_wconf 86' lang='lat' dir='ltr'>vestram</span> <span class='ocrx_word' id='word_1_1267' title='bbox 2221 2167 2364 2200; x_wconf 91' lang='lat' dir='ltr'>ditionem</span> 
     </span>
     <span class='ocr_line' id='line_1_142' title="bbox 1306 2202 2364 2246; baseline 0.002 -9"><span class='ocrx_word' id='word_1_1268' title='bbox 1306 2206 1539 2245; x_wconf 78' lang='lat' dir='ltr'>apportaverint,</span> <span class='ocrx_word' id='word_1_1269' title='bbox 1565 2204 1618 2235; x_wconf 87' lang='lat' dir='ltr'>illis</span> <span class='ocrx_word' id='word_1_1270' title='bbox 1637 2205 1779 2242; x_wconf 86' lang='lat' dir='ltr'>integrum</span> <span class='ocrx_word' id='word_1_1271' title='bbox 1801 2203 1833 2233; x_wconf 92' lang='lat' dir='ltr'>sit</span> <span class='ocrx_word' id='word_1_1272' title='bbox 1848 2226 1858 2240; x_wconf 88' lang='lat'>,</span> <span class='ocrx_word' id='word_1_1273' title='bbox 1877 2212 1947 2233; x_wconf 89' lang='lat' dir='ltr'>cum</span> <span class='ocrx_word' id='word_1_1274' title='bbox 1963 2202 2057 2234; x_wconf 88' lang='lat' dir='ltr'>vestro</span> <span class='ocrx_word' id='word_1_1275' title='bbox 2072 2203 2152 2234; x_wconf 92' lang='lat' dir='ltr'>bono</span> <span class='ocrx_word' id='word_1_1276' title='bbox 2166 2203 2266 2236; x_wconf 83' lang='lat' dir='ltr'>favore</span> <span class='ocrx_word' id='word_1_1277' title='bbox 2280 2215 2364 2246; x_wconf 87' lang='lat' dir='ltr'>atque</span> 
     </span>
     <span class='ocr_line' id='line_1_143' title="bbox 1307 2242 2367 2281; baseline 0.003 -6"><span class='ocrx_word' id='word_1_1278' title='bbox 1307 2245 1438 2276; x_wconf 85' lang='lat' dir='ltr'>facultate</span> <span class='ocrx_word' id='word_1_1279' title='bbox 1453 2266 1463 2281; x_wconf 83' lang='lat'>,</span> <span class='ocrx_word' id='word_1_1280' title='bbox 1487 2243 1596 2274; x_wconf 86' lang='lat' dir='ltr'>easdem</span> <span class='ocrx_word' id='word_1_1281' title='bbox 1619 2242 1683 2273; x_wconf 92' lang='lat' dir='ltr'>istic</span> <span class='ocrx_word' id='word_1_1282' title='bbox 1705 2243 1792 2272; x_wconf 79' lang='lat' dir='ltr'>libere</span> <span class='ocrx_word' id='word_1_1283' title='bbox 1806 2251 1968 2280; x_wconf 79' lang='lat' dir='ltr'>exponere,</span> <span class='ocrx_word' id='word_1_1284' title='bbox 1982 2243 2021 2274; x_wconf 88' lang='lat'>·&amp;</span> <span class='ocrx_word' id='word_1_1285' title='bbox 2034 2243 2107 2280; x_wconf 87' lang='lat' dir='ltr'>iusto</span> <span class='ocrx_word' id='word_1_1286' title='bbox 2120 2244 2213 2281; x_wconf 87' lang='lat' dir='ltr'>pretio</span> <span class='ocrx_word' id='word_1_1287' title='bbox 2227 2245 2367 2278; x_wconf 87' lang='lat' dir='ltr'>divende—</span> 
     </span>
     <span class='ocr_line' id='line_1_144' title="bbox 1300 2278 2364 2323; baseline 0.002 -9"><span class='ocrx_word' id='word_1_1288' title='bbox 1300 2294 1347 2323; x_wconf 67' lang='lat' dir='ltr'>re,</span> <span class='ocrx_word' id='word_1_1289' title='bbox 1367 2283 1510 2321; x_wconf 74' lang='lat' dir='ltr'>persolutis</span> <span class='ocrx_word' id='word_1_1290' title='bbox 1523 2291 1618 2312; x_wconf 89' lang='lat' dir='ltr'>tamen</span> <span class='ocrx_word' id='word_1_1291' title='bbox 1636 2282 1672 2312; x_wconf 91' lang='lat' dir='ltr'>de</span> <span class='ocrx_word' id='word_1_1292' title='bbox 1686 2290 1766 2310; x_wconf 90' lang='lat' dir='ltr'>more</span> <span class='ocrx_word' id='word_1_1293' title='bbox 1778 2281 1913 2311; x_wconf 90' lang='lat' dir='ltr'>omnibus</span> <span class='ocrx_word' id='word_1_1294' title='bbox 1928 2281 2031 2310; x_wconf 88' lang='lat' dir='ltr'>usitatis</span> <span class='ocrx_word' id='word_1_1295' title='bbox 2047 2282 2075 2311; x_wconf 89' lang='lat' dir='ltr'>in</span> <span class='ocrx_word' id='word_1_1296' title='bbox 2090 2278 2200 2313; x_wconf 85' lang='lat' dir='ltr'>Vestrae</span> <span class='ocrx_word' id='word_1_1297' title='bbox 2213 2282 2364 2316; x_wconf 83' lang='lat' dir='ltr'>Excellen-</span> 
     </span>
     <span class='ocr_line' id='line_1_145' title="bbox 1300 2317 2363 2363; baseline 0 -10"><span class='ocrx_word' id='word_1_1298' title='bbox 1300 2324 1346 2353; x_wconf 86' lang='lat' dir='ltr'>tiae</span> <span class='ocrx_word' id='word_1_1299' title='bbox 1363 2323 1443 2352; x_wconf 89' lang='lat' dir='ltr'>usum</span> <span class='ocrx_word' id='word_1_1300' title='bbox 1460 2321 1654 2358; x_wconf 66' lang='lat' dir='ltr'>vectigalibus.</span> <span class='ocrx_word' id='word_1_1301' title='bbox 1691 2317 1783 2359; x_wconf 81' lang='lat' dir='ltr'>Qod</span> <span class='ocrx_word' id='word_1_1302' title='bbox 1797 2318 1923 2350; x_wconf 87' lang='lat' dir='ltr'>vestrum</span> <span class='ocrx_word' id='word_1_1303' title='bbox 1938 2319 2064 2358; x_wconf 59' lang='lat' dir='ltr'>saelum,</span> <span class='ocrx_word' id='word_1_1304' title='bbox 2081 2327 2178 2360; x_wconf 89' lang='lat' dir='ltr'>grato,</span> <span class='ocrx_word' id='word_1_1305' title='bbox 2198 2330 2229 2352; x_wconf 91' lang='lat' dir='ltr'>ut</span> <span class='ocrx_word' id='word_1_1306' title='bbox 2242 2332 2290 2361; x_wconf 90' lang='lat' dir='ltr'>par</span> <span class='ocrx_word' id='word_1_1307' title='bbox 2303 2323 2363 2363; x_wconf 82' lang='lat' dir='ltr'>est,</span> 
     </span>
     <span class='ocr_line' id='line_1_146' title="bbox 1299 2357 2361 2400; baseline 0.001 -8"><span class='ocrx_word' id='word_1_1308' title='bbox 1299 2362 1473 2400; x_wconf 86' lang='lat' dir='ltr'>accipiemus</span> <span class='ocrx_word' id='word_1_1309' title='bbox 1494 2360 1592 2389; x_wconf 88' lang='lat' dir='ltr'>animo</span> <span class='ocrx_word' id='word_1_1310' title='bbox 1608 2381 1618 2396; x_wconf 88' lang='lat'>,</span> <span class='ocrx_word' id='word_1_1311' title='bbox 1642 2359 1674 2388; x_wconf 73' lang='grc' dir='ltr'>ὅ(</span> <span class='ocrx_word' id='word_1_1312' title='bbox 1698 2359 1756 2396; x_wconf 87' lang='lat' dir='ltr'>pari</span> <span class='ocrx_word' id='word_1_1313' title='bbox 1770 2358 1856 2388; x_wconf 89' lang='lat' dir='ltr'>etiam</span> <span class='ocrx_word' id='word_1_1314' title='bbox 1872 2357 1992 2396; x_wconf 84' lang='lat' dir='ltr'>officio,</span> <span class='ocrx_word' id='word_1_1315' title='bbox 2010 2358 2081 2388; x_wconf 77' lang='lat' dir='ltr'>cum</span> <span class='ocrx_word' id='word_1_1316' title='bbox 2095 2367 2190 2389; x_wconf 87' lang='lat' dir='ltr'>rerum</span> <span class='ocrx_word' id='word_1_1317' title='bbox 2207 2360 2361 2393; x_wconf 90' lang='lat' dir='ltr'>vestrarum</span> 
     </span>
     <span class='ocr_line' id='line_1_147' title="bbox 1301 2395 2362 2469; baseline 0.002 -39"><span class='ocrx_word' id='word_1_1318' title='bbox 1301 2400 1381 2469; x_wconf 38' lang='lat' dir='ltr'>usu&amp;1</span> <span class='ocrx_word' id='word_1_1319' title='bbox 1380 2397 1534 2467; x_wconf 56' lang='grc' dir='ltr'>ρρίὶυΙειὶέίῑ</span> <span class='ocrx_word' id='word_1_1320' title='bbox 1546 2421 1556 2436; x_wconf 88' lang='lat'>,</span> <span class='ocrx_word' id='word_1_1321' title='bbox 1578 2398 1697 2428; x_wconf 88' lang='lat' dir='ltr'>libenter</span> <span class='ocrx_word' id='word_1_1322' title='bbox 1716 2395 1972 2434; x_wconf 85' lang='lat' dir='ltr'>compensabimus.</span> <span class='ocrx_word' id='word_1_1323' title='bbox 1996 2396 2079 2427; x_wconf 89' lang='lat' dir='ltr'>Deus</span> <span class='ocrx_word' id='word_1_1324' title='bbox 2094 2419 2105 2436; x_wconf 92' lang='lat'>,</span> <span class='ocrx_word' id='word_1_1325' title='bbox 2124 2398 2185 2430; x_wconf 87' lang='lat' dir='ltr'>&amp;c.</span> <span class='ocrx_word' id='word_1_1326' title='bbox 2203 2398 2362 2432; x_wconf 87' lang='lat' dir='ltr'>Greenvici</span> 
     </span>
     <span class='ocr_line' id='line_1_148' title="bbox 1299 2445 1525 2477; baseline -0.018 -8"><span class='ocrx_word' id='word_1_1327' title='bbox 1299 2448 1326 2477; x_wconf 92' lang='lat'>9.</span> <span class='ocrx_word' id='word_1_1328' title='bbox 1383 2447 1418 2469; x_wconf 85' lang='lat' dir='ltr'>aii</span> <span class='ocrx_word' id='word_1_1329' title='bbox 1440 2445 1493 2475; x_wconf 87' lang='lat'>155</span> <span class='ocrx_word' id='word_1_1330' title='bbox 1519 2459 1525 2465; x_wconf 93' lang='lat'>.</span> 
     </span>
    </p>
   </div>
   <div class='ocr_carea' id='block_1_16' title="bbox 1648 2560 2008 2600">
    <p class='ocr_par' dir='ltr' id='par_1_18' title="bbox 1648 2560 2008 2600">
     <span class='ocr_line' id='line_1_149' title="bbox 1648 2560 2008 2600; baseline 0 -5"><span class='ocrx_word' id='word_1_1331' title='bbox 1648 2560 1806 2596; x_wconf 79' lang='lat' dir='ltr'>Cardinali</span> <span class='ocrx_word' id='word_1_1332' title='bbox 1825 2560 2008 2600; x_wconf 82' lang='lat' dir='ltr'>Tridentino,</span> 
     </span>
    </p>
   </div>
   <div class='ocr_carea' id='block_1_17' title="bbox 1290 2647 2360 3761">
    <p class='ocr_par' dir='ltr' id='par_1_19' title="bbox 1290 2647 2360 3761">
     <span class='ocr_line' id='line_1_150' title="bbox 1299 2647 2357 2711; baseline 0.003 -30"><span class='ocrx_word' id='word_1_1333' title='bbox 1299 2648 1589 2711; x_wconf 83' lang='lat' dir='ltr'>REverendiffime</span> <span class='ocrx_word' id='word_1_1334' title='bbox 1603 2647 1686 2679; x_wconf 89' lang='lat' dir='ltr'>Pater</span> <span class='ocrx_word' id='word_1_1335' title='bbox 1701 2649 1735 2681; x_wconf 89' lang='lat'>&amp;</span> <span class='ocrx_word' id='word_1_1336' title='bbox 1751 2648 1889 2686; x_wconf 90' lang='lat' dir='ltr'>Princeps</span> <span class='ocrx_word' id='word_1_1337' title='bbox 1903 2647 2096 2681; x_wconf 82' lang='lat' dir='ltr'>Illustriffime.</span> <span class='ocrx_word' id='word_1_1338' title='bbox 2117 2650 2233 2683; x_wconf 80' lang='lat' dir='ltr'>Litterae</span> <span class='ocrx_word' id='word_1_1339' title='bbox 2248 2651 2357 2684; x_wconf 81' lang='lat' dir='ltr'>vestrae</span> 
     </span>
     <span class='ocr_line' id='line_1_151' title="bbox 1380 2687 2358 2728; baseline 0.002 -9"><span class='ocrx_word' id='word_1_1340' title='bbox 1380 2690 1470 2727; x_wconf 90' lang='lat' dir='ltr'>pridie</span> <span class='ocrx_word' id='word_1_1341' title='bbox 1486 2688 1553 2719; x_wconf 89' lang='lat' dir='ltr'>Idus</span> <span class='ocrx_word' id='word_1_1342' title='bbox 1569 2688 1676 2726; x_wconf 88' lang='lat' dir='ltr'>Aprilis</span> <span class='ocrx_word' id='word_1_1343' title='bbox 1690 2687 1826 2718; x_wconf 89' lang='lat' dir='ltr'>Tridenti</span> <span class='ocrx_word' id='word_1_1344' title='bbox 1847 2690 1920 2718; x_wconf 87' lang='lat' dir='ltr'>datae</span> <span class='ocrx_word' id='word_1_1345' title='bbox 1938 2696 2075 2728; x_wconf 89' lang='lat' dir='ltr'>pergratae</span> <span class='ocrx_word' id='word_1_1346' title='bbox 2098 2690 2181 2720; x_wconf 91' lang='lat' dir='ltr'>nobis</span> <span class='ocrx_word' id='word_1_1347' title='bbox 2193 2690 2288 2721; x_wconf 89' lang='lat' dir='ltr'>multis</span> <span class='ocrx_word' id='word_1_1348' title='bbox 2301 2701 2358 2721; x_wconf 85' lang='lat' dir='ltr'>no-</span> 
     </span>
     <span class='ocr_line' id='line_1_152' title="bbox 1299 2725 2359 2766; baseline 0.002 -8"><span class='ocrx_word' id='word_1_1349' title='bbox 1299 2728 1425 2758; x_wconf 89' lang='lat' dir='ltr'>minibus</span> <span class='ocrx_word' id='word_1_1350' title='bbox 1438 2728 1597 2758; x_wconf 82' lang='lat' dir='ltr'>extiterunt.</span> <span class='ocrx_word' id='word_1_1351' title='bbox 1617 2726 1650 2756; x_wconf 91' lang='lat' dir='ltr'>In</span> <span class='ocrx_word' id='word_1_1352' title='bbox 1668 2725 1720 2756; x_wconf 91' lang='lat' dir='ltr'>illis</span> <span class='ocrx_word' id='word_1_1353' title='bbox 1734 2727 1811 2756; x_wconf 90' lang='lat' dir='ltr'>enim</span> <span class='ocrx_word' id='word_1_1354' title='bbox 1829 2725 1939 2756; x_wconf 90' lang='lat' dir='ltr'>Litteris</span> <span class='ocrx_word' id='word_1_1355' title='bbox 1951 2727 2024 2756; x_wconf 78' lang='lat' dir='ltr'>clare</span> <span class='ocrx_word' id='word_1_1356' title='bbox 2037 2728 2071 2758; x_wconf 69' lang='grc' dir='ltr'>ὃς</span> <span class='ocrx_word' id='word_1_1357' title='bbox 2084 2727 2227 2766; x_wconf 79' lang='lat' dir='ltr'>perspicue</span> <span class='ocrx_word' id='word_1_1358' title='bbox 2243 2738 2359 2766; x_wconf 85' lang='lat' dir='ltr'>appare-</span> 
     </span>
     <span class='ocr_line' id='line_1_153' title="bbox 1298 2763 2355 2804; baseline 0.001 -8"><span class='ocrx_word' id='word_1_1359' title='bbox 1298 2766 1364 2804; x_wconf 86' lang='lat' dir='ltr'>bat,</span> <span class='ocrx_word' id='word_1_1360' title='bbox 1382 2776 1452 2796; x_wconf 93' lang='lat' dir='ltr'>cum</span> <span class='ocrx_word' id='word_1_1361' title='bbox 1467 2765 1578 2796; x_wconf 89' lang='lat' dir='ltr'>illustris</span> <span class='ocrx_word' id='word_1_1362' title='bbox 1594 2763 1792 2795; x_wconf 82' lang='lat' dir='ltr'>Madrucianae</span> <span class='ocrx_word' id='word_1_1363' title='bbox 1807 2763 1931 2794; x_wconf 63' lang='lat' dir='ltr'>Familiae</span> <span class='ocrx_word' id='word_1_1364' title='bbox 1951 2773 2083 2804; x_wconf 88' lang='lat' dir='ltr'>perpetua</span> <span class='ocrx_word' id='word_1_1365' title='bbox 2104 2766 2290 2798; x_wconf 75' lang='lat' dir='ltr'>observantiae</span> <span class='ocrx_word' id='word_1_1366' title='bbox 2310 2777 2355 2798; x_wconf 93' lang='lat' dir='ltr'>er-</span> 
     </span>
     <span class='ocr_line' id='line_1_154' title="bbox 1298 2802 2357 2843; baseline 0.004 -11"><span class='ocrx_word' id='word_1_1367' title='bbox 1298 2814 1332 2839; x_wconf 76' lang='lat' dir='ltr'>ga</span> <span class='ocrx_word' id='word_1_1368' title='bbox 1358 2805 1496 2834; x_wconf 90' lang='lat' dir='ltr'>Domum</span> <span class='ocrx_word' id='word_1_1369' title='bbox 1521 2802 1698 2834; x_wconf 82' lang='lat' dir='ltr'>Austriacam</span> <span class='ocrx_word' id='word_1_1370' title='bbox 1721 2802 1892 2839; x_wconf 76' lang='lat' dir='ltr'>declaratio,</span> <span class='ocrx_word' id='word_1_1371' title='bbox 1912 2811 1974 2833; x_wconf 85' lang='lat' dir='ltr'>tum</span> <span class='ocrx_word' id='word_1_1372' title='bbox 1991 2803 2109 2840; x_wconf 78' lang='lat' dir='ltr'>insignis</span> <span class='ocrx_word' id='word_1_1373' title='bbox 2121 2812 2206 2842; x_wconf 88' lang='lat' dir='ltr'>atque</span> <span class='ocrx_word' id='word_1_1374' title='bbox 2218 2805 2357 2843; x_wconf 85' lang='lat' dir='ltr'>singularis</span> 
     </span>
     <span class='ocr_line' id='line_1_155' title="bbox 1296 2840 2358 2881; baseline 0.004 -10"><span class='ocrx_word' id='word_1_1375' title='bbox 1296 2841 1406 2873; x_wconf 83' lang='lat' dir='ltr'>Vestrae</span> <span class='ocrx_word' id='word_1_1376' title='bbox 1426 2840 1681 2872; x_wconf 64' lang='lat' dir='ltr'>Reverendill‘imae</span> <span class='ocrx_word' id='word_1_1377' title='bbox 1704 2840 1919 2871; x_wconf 86' lang='lat' dir='ltr'>Dominationis</span> <span class='ocrx_word' id='word_1_1378' title='bbox 1943 2849 2007 2879; x_wconf 85' lang='lat' dir='ltr'>erga</span> <span class='ocrx_word' id='word_1_1379' title='bbox 2030 2851 2082 2872; x_wconf 89' lang='lat' dir='ltr'>nos</span> <span class='ocrx_word' id='word_1_1380' title='bbox 2097 2852 2213 2881; x_wconf 89' lang='lat' dir='ltr'>quoque</span> <span class='ocrx_word' id='word_1_1381' title='bbox 2225 2843 2309 2874; x_wconf 89' lang='lat' dir='ltr'>studii</span> <span class='ocrx_word' id='word_1_1382' title='bbox 2324 2854 2358 2876; x_wconf 91' lang='lat' dir='ltr'>ac</span> 
     </span>
     <span class='ocr_line' id='line_1_156' title="bbox 1294 2877 2360 2920; baseline 0.004 -10"><span class='ocrx_word' id='word_1_1383' title='bbox 1294 2879 1685 2912; x_wconf 80' lang='lat' dir='ltr'>benevolentiaetestificatioz</span> <span class='ocrx_word' id='word_1_1384' title='bbox 1696 2879 1758 2909; x_wconf 86' lang='lat' dir='ltr'>haec</span> <span class='ocrx_word' id='word_1_1385' title='bbox 1775 2877 1865 2909; x_wconf 89' lang='lat' dir='ltr'>vestra</span> <span class='ocrx_word' id='word_1_1386' title='bbox 1877 2887 1952 2909; x_wconf 90' lang='lat' dir='ltr'>tanta</span> <span class='ocrx_word' id='word_1_1387' title='bbox 1966 2878 2079 2918; x_wconf 89' lang='lat' dir='ltr'>officia,</span> <span class='ocrx_word' id='word_1_1388' title='bbox 2088 2890 2121 2911; x_wconf 87' lang='lat' dir='ltr'>ac</span> <span class='ocrx_word' id='word_1_1389' title='bbox 2137 2890 2193 2912; x_wconf 85' lang='lat' dir='ltr'>tam</span> <span class='ocrx_word' id='word_1_1390' title='bbox 2204 2891 2296 2920; x_wconf 87' lang='lat' dir='ltr'>parata</span> <span class='ocrx_word' id='word_1_1391' title='bbox 2305 2884 2360 2914; x_wconf 86' lang='lat' dir='ltr'>ob—</span> 
     </span>
     <span class='ocr_line' id='line_1_157' title="bbox 1291 2916 2360 2957; baseline 0 -7"><span class='ocrx_word' id='word_1_1392' title='bbox 1291 2920 1386 2957; x_wconf 88' lang='lat' dir='ltr'>sequia</span> <span class='ocrx_word' id='word_1_1393' title='bbox 1401 2930 1437 2949; x_wconf 92' lang='lat' dir='ltr'>eo</span> <span class='ocrx_word' id='word_1_1394' title='bbox 1450 2920 1604 2957; x_wconf 89' lang='lat' dir='ltr'>accipimus</span> <span class='ocrx_word' id='word_1_1395' title='bbox 1617 2917 1776 2954; x_wconf 57' lang='lat' dir='ltr'>animm&amp;</span> <span class='ocrx_word' id='word_1_1396' title='bbox 1793 2916 1826 2948; x_wconf 63' lang='lat' dir='ltr'>ea</span> <span class='ocrx_word' id='word_1_1397' title='bbox 1841 2918 2024 2949; x_wconf 88' lang='lat' dir='ltr'>retinebimus</span> <span class='ocrx_word' id='word_1_1398' title='bbox 2038 2919 2179 2951; x_wconf 67' lang='lat' dir='ltr'>memoria.</span> <span class='ocrx_word' id='word_1_1399' title='bbox 2195 2930 2226 2952; x_wconf 87' lang='lat' dir='ltr'>ut</span> <span class='ocrx_word' id='word_1_1400' title='bbox 2239 2931 2297 2952; x_wconf 91' lang='lat' dir='ltr'>non</span> <span class='ocrx_word' id='word_1_1401' title='bbox 2306 2922 2360 2954; x_wconf 77' lang='lat' dir='ltr'>du-</span> 
     </span>
     <span class='ocr_line' id='line_1_158' title="bbox 1294 2955 2360 2997; baseline 0.004 -9"><span class='ocrx_word' id='word_1_1402' title='bbox 1294 2959 1384 2988; x_wconf 89' lang='lat' dir='ltr'>bitare</span> <span class='ocrx_word' id='word_1_1403' title='bbox 1392 2957 1524 2988; x_wconf 90' lang='lat' dir='ltr'>Vestram</span> <span class='ocrx_word' id='word_1_1404' title='bbox 1535 2955 1810 2988; x_wconf 83' lang='lat' dir='ltr'>Reverendiffimam</span> <span class='ocrx_word' id='word_1_1405' title='bbox 1821 2955 2060 2987; x_wconf 88' lang='lat' dir='ltr'>Dominationem</span> <span class='ocrx_word' id='word_1_1406' title='bbox 2075 2957 2194 2989; x_wconf 89' lang='lat' dir='ltr'>velimus</span> <span class='ocrx_word' id='word_1_1407' title='bbox 2203 2981 2214 2997; x_wconf 94' lang='lat'>,</span> <span class='ocrx_word' id='word_1_1408' title='bbox 2226 2960 2296 2997; x_wconf 90' lang='lat' dir='ltr'>quin</span> <span class='ocrx_word' id='word_1_1409' title='bbox 2309 2962 2360 2992; x_wconf 89' lang='lat' dir='ltr'>ali·</span> 
     </span>
     <span class='ocr_line' id='line_1_159' title="bbox 1294 2995 2360 3035; baseline 0.003 -9"><span class='ocrx_word' id='word_1_1410' title='bbox 1294 2997 1407 3034; x_wconf 78' lang='lat' dir='ltr'>quando</span> <span class='ocrx_word' id='word_1_1411' title='bbox 1416 2996 1591 3027; x_wconf 63' lang='lat' dir='ltr'>intellectura</span> <span class='ocrx_word' id='word_1_1412' title='bbox 1605 2996 1636 3025; x_wconf 89' lang='lat' dir='ltr'>sit</span> <span class='ocrx_word' id='word_1_1413' title='bbox 1646 3018 1655 3033; x_wconf 86' lang='lat'>‚</span> <span class='ocrx_word' id='word_1_1414' title='bbox 1667 3004 1727 3025; x_wconf 93' lang='lat' dir='ltr'>non</span> <span class='ocrx_word' id='word_1_1415' title='bbox 1743 2995 1829 3033; x_wconf 88' lang='lat' dir='ltr'>magis</span> <span class='ocrx_word' id='word_1_1416' title='bbox 1841 2995 1897 3025; x_wconf 88' lang='lat' dir='ltr'>esse</span> <span class='ocrx_word' id='word_1_1417' title='bbox 1910 2995 2081 3035; x_wconf 82' lang='lat' dir='ltr'>propositam</span> <span class='ocrx_word' id='word_1_1418' title='bbox 2096 2996 2217 3028; x_wconf 89' lang='lat' dir='ltr'>vestram</span> <span class='ocrx_word' id='word_1_1419' title='bbox 2227 2998 2261 3028; x_wconf 87' lang='lat' dir='ltr'>ad</span> <span class='ocrx_word' id='word_1_1420' title='bbox 2273 3001 2360 3033; x_wconf 84' lang='lat' dir='ltr'>nobis</span> 
     </span>
     <span class='ocr_line' id='line_1_160' title="bbox 1295 3033 2357 3074; baseline 0.002 -9"><span class='ocrx_word' id='word_1_1421' title='bbox 1295 3038 1434 3073; x_wconf 85' lang='lat' dir='ltr'>perpetuo</span> <span class='ocrx_word' id='word_1_1422' title='bbox 1456 3033 1673 3074; x_wconf 82' lang='lat' dir='ltr'>gratificandum</span> <span class='ocrx_word' id='word_1_1423' title='bbox 1699 3033 1875 3064; x_wconf 89' lang='lat' dir='ltr'>voluntatem</span> <span class='ocrx_word' id='word_1_1424' title='bbox 1893 3056 1902 3071; x_wconf 88' lang='lat'>,</span> <span class='ocrx_word' id='word_1_1425' title='bbox 1931 3035 2016 3072; x_wconf 73' lang='lat' dir='ltr'>quam</span> <span class='ocrx_word' id='word_1_1426' title='bbox 2035 3033 2162 3066; x_wconf 91' lang='lat' dir='ltr'>nostram</span> <span class='ocrx_word' id='word_1_1427' title='bbox 2184 3036 2306 3067; x_wconf 87' lang='lat' dir='ltr'>viciffim</span> <span class='ocrx_word' id='word_1_1428' title='bbox 2319 3040 2357 3070; x_wconf 88' lang='lat' dir='ltr'>ad</span> 
     </span>
     <span class='ocr_line' id='line_1_161' title="bbox 1294 3072 2355 3113; baseline 0.003 -9"><span class='ocrx_word' id='word_1_1429' title='bbox 1294 3074 1571 3113; x_wconf 70' lang='lat' dir='ltr'>recompensandum</span> <span class='ocrx_word' id='word_1_1430' title='bbox 1592 3072 1758 3110; x_wconf 86' lang='lat' dir='ltr'>propensam</span> <span class='ocrx_word' id='word_1_1431' title='bbox 1774 3081 1806 3102; x_wconf 89' lang='lat' dir='ltr'>ac</span> <span class='ocrx_word' id='word_1_1432' title='bbox 1830 3081 1954 3110; x_wconf 88' lang='lat' dir='ltr'>paratam</span> <span class='ocrx_word' id='word_1_1433' title='bbox 1977 3072 2048 3103; x_wconf 81' lang='lat' dir='ltr'>fore.</span> <span class='ocrx_word' id='word_1_1434' title='bbox 2080 3073 2251 3104; x_wconf 86' lang='lat' dir='ltr'>Sereniffimi</span> <span class='ocrx_word' id='word_1_1435' title='bbox 2268 3076 2355 3108; x_wconf 84' lang='lat' dir='ltr'>vesti-i</span> 
     </span>
     <span class='ocr_line' id='line_1_162' title="bbox 1294 3110 2354 3152; baseline 0.001 -9"><span class='ocrx_word' id='word_1_1436' title='bbox 1294 3112 1438 3150; x_wconf 86' lang='lat' dir='ltr'>Nepotis,</span> <span class='ocrx_word' id='word_1_1437' title='bbox 1455 3114 1543 3151; x_wconf 74' lang='lat' dir='ltr'>quam</span> <span class='ocrx_word' id='word_1_1438' title='bbox 1561 3120 1667 3150; x_wconf 76' lang='lat' dir='ltr'>magno</span> <span class='ocrx_word' id='word_1_1439' title='bbox 1688 3111 1743 3141; x_wconf 85' lang='lat' dir='ltr'>fuit</span> <span class='ocrx_word' id='word_1_1440' title='bbox 1759 3110 1853 3140; x_wconf 90' lang='lat' dir='ltr'>multis</span> <span class='ocrx_word' id='word_1_1441' title='bbox 1868 3111 1896 3140; x_wconf 94' lang='lat' dir='ltr'>in</span> <span class='ocrx_word' id='word_1_1442' title='bbox 1911 3110 1991 3141; x_wconf 90' lang='lat' dir='ltr'>bellis</span> <span class='ocrx_word' id='word_1_1443' title='bbox 2004 3111 2037 3142; x_wconf 93' lang='lat'>&amp;</span> <span class='ocrx_word' id='word_1_1444' title='bbox 2050 3121 2220 3142; x_wconf 88' lang='lat' dir='ltr'>ornamento</span> <span class='ocrx_word' id='word_1_1445' title='bbox 2234 3113 2301 3152; x_wconf 84' lang='lat' dir='ltr'>sibi,</span> <span class='ocrx_word' id='word_1_1446' title='bbox 2319 3117 2354 3147; x_wconf 72' lang='grc' dir='ltr'>ὃς</span> 
     </span>
     <span class='ocr_line' id='line_1_163' title="bbox 1294 3148 2357 3188; baseline -0.005 -6"><span class='ocrx_word' id='word_1_1447' title='bbox 1294 3151 1353 3182; x_wconf 90' lang='lat' dir='ltr'>usui</span> <span class='ocrx_word' id='word_1_1448' title='bbox 1367 3152 1454 3182; x_wconf 88' lang='lat' dir='ltr'>etiam</span> <span class='ocrx_word' id='word_1_1449' title='bbox 1469 3150 1657 3182; x_wconf 54' lang='lat' dir='ltr'>invit-:tissime</span> <span class='ocrx_word' id='word_1_1450' title='bbox 1670 3149 1796 3187; x_wconf 87' lang='lat' dir='ltr'>Principi</span> <span class='ocrx_word' id='word_1_1451' title='bbox 1813 3148 1951 3179; x_wconf 92' lang='lat' dir='ltr'>Domino</span> <span class='ocrx_word' id='word_1_1452' title='bbox 1967 3158 2000 3179; x_wconf 90' lang='lat' dir='ltr'>ac</span> <span class='ocrx_word' id='word_1_1453' title='bbox 2018 3148 2147 3188; x_wconf 86' lang='lat' dir='ltr'>Conjugi</span> <span class='ocrx_word' id='word_1_1454' title='bbox 2167 3149 2264 3181; x_wconf 89' lang='lat' dir='ltr'>nostro</span> <span class='ocrx_word' id='word_1_1455' title='bbox 2286 3154 2357 3185; x_wconf 76' lang='lat' dir='ltr'>cha-</span> 
     </span>
     <span class='ocr_line' id='line_1_164' title="bbox 1295 3187 2357 3227; baseline -0.001 -7"><span class='ocrx_word' id='word_1_1456' title='bbox 1295 3190 1421 3227; x_wconf 86' lang='lat' dir='ltr'>riffimo,</span> <span class='ocrx_word' id='word_1_1457' title='bbox 1440 3190 1512 3227; x_wconf 79' lang='lat' dir='ltr'>saepe</span> <span class='ocrx_word' id='word_1_1458' title='bbox 1530 3189 1648 3226; x_wconf 87' lang='lat' dir='ltr'>quidem</span> <span class='ocrx_word' id='word_1_1459' title='bbox 1669 3188 1865 3217; x_wconf 90' lang='lat' dir='ltr'>intelleximus.</span> <span class='ocrx_word' id='word_1_1460' title='bbox 1897 3187 1935 3218; x_wconf 88' lang='lat' dir='ltr'>Et</span> <span class='ocrx_word' id='word_1_1461' title='bbox 1957 3187 2013 3218; x_wconf 92' lang='lat' dir='ltr'>hoc</span> <span class='ocrx_word' id='word_1_1462' title='bbox 2035 3189 2120 3218; x_wconf 87' lang='lat' dir='ltr'>etiam</span> <span class='ocrx_word' id='word_1_1463' title='bbox 2135 3196 2282 3227; x_wconf 74' lang='lat' dir='ltr'>tempore,</span> <span class='ocrx_word' id='word_1_1464' title='bbox 2301 3201 2357 3223; x_wconf 79' lang='lat' dir='ltr'>nos</span> 
     </span>
     <span class='ocr_line' id='line_1_165' title="bbox 1297 3225 2354 3267; baseline -0.001 -8"><span class='ocrx_word' id='word_1_1465' title='bbox 1297 3238 1414 3267; x_wconf 87' lang='lat' dir='ltr'>quoque</span> <span class='ocrx_word' id='word_1_1466' title='bbox 1440 3229 1558 3258; x_wconf 88' lang='lat' dir='ltr'>libenter</span> <span class='ocrx_word' id='word_1_1467' title='bbox 1579 3227 1650 3257; x_wconf 89' lang='lat' dir='ltr'>illius</span> <span class='ocrx_word' id='word_1_1468' title='bbox 1669 3226 1811 3265; x_wconf 63' lang='lat' dir='ltr'>perspecta</span> <span class='ocrx_word' id='word_1_1469' title='bbox 1835 3226 1942 3256; x_wconf 89' lang='lat' dir='ltr'>virtute</span> <span class='ocrx_word' id='word_1_1470' title='bbox 1956 3248 1966 3264; x_wconf 90' lang='lat'>,</span> <span class='ocrx_word' id='word_1_1471' title='bbox 1991 3225 2065 3255; x_wconf 86' lang='lat' dir='ltr'>fideli</span> <span class='ocrx_word' id='word_1_1472' title='bbox 2087 3225 2193 3264; x_wconf 68' lang='lat' dir='ltr'>opera,</span> <span class='ocrx_word' id='word_1_1473' title='bbox 2211 3228 2244 3258; x_wconf 91' lang='lat'>&amp;</span> <span class='ocrx_word' id='word_1_1474' title='bbox 2259 3228 2354 3262; x_wconf 61' lang='lat' dir='ltr'>eleeto</span> 
     </span>
     <span class='ocr_line' id='line_1_166' title="bbox 1299 3264 2354 3302; baseline -0.003 -4"><span class='ocrx_word' id='word_1_1475' title='bbox 1299 3267 1396 3298; x_wconf 90' lang='lat' dir='ltr'>Milite</span> <span class='ocrx_word' id='word_1_1476' title='bbox 1411 3268 1466 3297; x_wconf 73' lang='lat' dir='ltr'>usae</span> <span class='ocrx_word' id='word_1_1477' title='bbox 1489 3265 1632 3296; x_wconf 78' lang='lat' dir='ltr'>fuissemus</span> <span class='ocrx_word' id='word_1_1478' title='bbox 1648 3288 1657 3302; x_wconf 93' lang='lat'>,</span> <span class='ocrx_word' id='word_1_1479' title='bbox 1686 3265 1705 3294; x_wconf 91' lang='lat' dir='ltr'>si</span> <span class='ocrx_word' id='word_1_1480' title='bbox 1722 3274 1782 3294; x_wconf 90' lang='lat' dir='ltr'>non</span> <span class='ocrx_word' id='word_1_1481' title='bbox 1803 3264 1937 3294; x_wconf 84' lang='lat' dir='ltr'>locorum</span> <span class='ocrx_word' id='word_1_1482' title='bbox 1951 3271 2061 3294; x_wconf 86' lang='lat' dir='ltr'>tantum</span> <span class='ocrx_word' id='word_1_1483' title='bbox 2075 3264 2252 3295; x_wconf 89' lang='lat' dir='ltr'>intervallum</span> <span class='ocrx_word' id='word_1_1484' title='bbox 2265 3268 2299 3299; x_wconf 91' lang='lat'>&amp;</span> <span class='ocrx_word' id='word_1_1485' title='bbox 2313 3270 2354 3301; x_wconf 77' lang='lat' dir='ltr'>rei</span> 
     </span>
     <span class='ocr_line' id='line_1_167' title="bbox 1294 3301 2353 3346; baseline 0.001 -11"><span class='ocrx_word' id='word_1_1486' title='bbox 1294 3306 1429 3345; x_wconf 86' lang='lat' dir='ltr'>gerendae</span> <span class='ocrx_word' id='word_1_1487' title='bbox 1442 3315 1499 3335; x_wconf 89' lang='lat' dir='ltr'>tam</span> <span class='ocrx_word' id='word_1_1488' title='bbox 1518 3304 1636 3342; x_wconf 79' lang='lat' dir='ltr'>praesens</span> <span class='ocrx_word' id='word_1_1489' title='bbox 1651 3311 1834 3333; x_wconf 89' lang='lat' dir='ltr'>momentum</span> <span class='ocrx_word' id='word_1_1490' title='bbox 1851 3301 2060 3339; x_wconf 86' lang='lat' dir='ltr'>impedimento</span> <span class='ocrx_word' id='word_1_1491' title='bbox 2072 3302 2155 3332; x_wconf 90' lang='lat' dir='ltr'>nobis</span> <span class='ocrx_word' id='word_1_1492' title='bbox 2169 3303 2258 3336; x_wconf 89' lang='lat' dir='ltr'>essent</span> <span class='ocrx_word' id='word_1_1493' title='bbox 2264 3328 2274 3343; x_wconf 93' lang='lat'>,</span> <span class='ocrx_word' id='word_1_1494' title='bbox 2292 3310 2353 3346; x_wconf 78' lang='lat' dir='ltr'>quo</span> 
     </span>
     <span class='ocr_line' id='line_1_168' title="bbox 1296 3339 2357 3384; baseline -0.001 -10"><span class='ocrx_word' id='word_1_1495' title='bbox 1296 3346 1389 3374; x_wconf 89' lang='lat' dir='ltr'>minus</span> <span class='ocrx_word' id='word_1_1496' title='bbox 1404 3344 1461 3374; x_wconf 91' lang='lat' dir='ltr'>hoc</span> <span class='ocrx_word' id='word_1_1497' title='bbox 1477 3353 1570 3380; x_wconf 83' lang='lat' dir='ltr'>anno,</span> <span class='ocrx_word' id='word_1_1498' title='bbox 1589 3350 1718 3380; x_wconf 88' lang='lat' dir='ltr'>pergrato</span> <span class='ocrx_word' id='word_1_1499' title='bbox 1737 3341 1822 3370; x_wconf 90' lang='lat' dir='ltr'>nobis</span> <span class='ocrx_word' id='word_1_1500' title='bbox 1837 3340 1907 3370; x_wconf 76' lang='lat' dir='ltr'>cum</span> <span class='ocrx_word' id='word_1_1501' title='bbox 1922 3339 2015 3370; x_wconf 92' lang='lat' dir='ltr'>vestro</span> <span class='ocrx_word' id='word_1_1502' title='bbox 2030 3339 2148 3379; x_wconf 87' lang='lat' dir='ltr'>officio,</span> <span class='ocrx_word' id='word_1_1503' title='bbox 2165 3342 2230 3372; x_wconf 81' lang='lat' dir='ltr'>ttim</span> <span class='ocrx_word' id='word_1_1504' title='bbox 2247 3343 2357 3384; x_wconf 86' lang='lat' dir='ltr'>Nepo-</span> 
     </span>
     <span class='ocr_line' id='line_1_169' title="bbox 1295 3378 2356 3418; baseline 0 -6"><span class='ocrx_word' id='word_1_1505' title='bbox 1295 3383 1330 3412; x_wconf 90' lang='lat' dir='ltr'>tis</span> <span class='ocrx_word' id='word_1_1506' title='bbox 1341 3381 1426 3412; x_wconf 90' lang='lat' dir='ltr'>vestri</span> <span class='ocrx_word' id='word_1_1507' title='bbox 1443 3382 1572 3418; x_wconf 87' lang='lat' dir='ltr'>servitio,</span> <span class='ocrx_word' id='word_1_1508' title='bbox 1589 3381 1628 3410; x_wconf 89' lang='lat' dir='ltr'>uti</span> <span class='ocrx_word' id='word_1_1509' title='bbox 1645 3379 1790 3418; x_wconf 79' lang='lat' dir='ltr'>possimus.</span> <span class='ocrx_word' id='word_1_1510' title='bbox 1817 3378 1863 3408; x_wconf 91' lang='lat' dir='ltr'>Ad</span> <span class='ocrx_word' id='word_1_1511' title='bbox 1878 3378 1942 3408; x_wconf 84' lang='lat' dir='ltr'>haec</span> <span class='ocrx_word' id='word_1_1512' title='bbox 1954 3386 2105 3415; x_wconf 83' lang='lat' dir='ltr'>antequam</span> <span class='ocrx_word' id='word_1_1513' title='bbox 2120 3379 2220 3411; x_wconf 86' lang='lat' dir='ltr'>vestrae</span> <span class='ocrx_word' id='word_1_1514' title='bbox 2238 3382 2356 3415; x_wconf 84' lang='lat' dir='ltr'>Litterae</span> 
     </span>
     <span class='ocr_line' id='line_1_170' title="bbox 1293 3416 2357 3460; baseline 0.003 -10"><span class='ocrx_word' id='word_1_1515' title='bbox 1293 3420 1326 3450; x_wconf 89' lang='lat' dir='ltr'>ad</span> <span class='ocrx_word' id='word_1_1516' title='bbox 1336 3420 1442 3450; x_wconf 86' lang='lat' dir='ltr'>nostras</span> <span class='ocrx_word' id='word_1_1517' title='bbox 1457 3429 1555 3450; x_wconf 86' lang='lat' dir='ltr'>manus</span> <span class='ocrx_word' id='word_1_1518' title='bbox 1569 3425 1884 3460; x_wconf 34' lang='lat' dir='ltr'>pervenerant-evocata</span> <span class='ocrx_word' id='word_1_1519' title='bbox 1895 3417 1949 3453; x_wconf 88' lang='lat' dir='ltr'>jam</span> <span class='ocrx_word' id='word_1_1520' title='bbox 1955 3425 2014 3459; x_wconf 82' lang='lat' dir='ltr'>erat</span> <span class='ocrx_word' id='word_1_1521' title='bbox 2021 3416 2055 3446; x_wconf 90' lang='lat' dir='ltr'>ad</span> <span class='ocrx_word' id='word_1_1522' title='bbox 2066 3416 2196 3449; x_wconf 91' lang='lat' dir='ltr'>nostrum</span> <span class='ocrx_word' id='word_1_1523' title='bbox 2212 3419 2357 3453; x_wconf 88' lang='lat' dir='ltr'>servitium</span> 
     </span>
     <span class='ocr_line' id='line_1_171' title="bbox 1294 3455 2357 3497; baseline 0.003 -9"><span class='ocrx_word' id='word_1_1524' title='bbox 1294 3468 1327 3488; x_wconf 79' lang='lat' dir='ltr'>ex</span> <span class='ocrx_word' id='word_1_1525' title='bbox 1340 3460 1481 3488; x_wconf 88' lang='lat' dir='ltr'>viciniore</span> <span class='ocrx_word' id='word_1_1526' title='bbox 1495 3457 1669 3493; x_wconf 60' lang='lat' dir='ltr'>Germanis,</span> <span class='ocrx_word' id='word_1_1527' title='bbox 1687 3465 1744 3486; x_wconf 85' lang='lat' dir='ltr'>cori</span> <span class='ocrx_word' id='word_1_1528' title='bbox 1757 3455 1807 3484; x_wconf 92' lang='lat' dir='ltr'>ilio</span> <span class='ocrx_word' id='word_1_1529' title='bbox 1820 3455 1854 3485; x_wconf 67' lang='grc' dir='ltr'>ὅ(</span> <span class='ocrx_word' id='word_1_1530' title='bbox 1870 3462 2018 3484; x_wconf 85' lang='lat' dir='ltr'>autoritate</span> <span class='ocrx_word' id='word_1_1531' title='bbox 2033 3456 2198 3487; x_wconf 83' lang='lat' dir='ltr'>nobiliffimi</span> <span class='ocrx_word' id='word_1_1532' title='bbox 2212 3457 2357 3497; x_wconf 84' lang='lat' dir='ltr'>Principis</span> 
     </span>
     <span class='ocr_line' id='line_1_172' title="bbox 1295 3492 2356 3535; baseline 0.002 -9"><span class='ocrx_word' id='word_1_1533' title='bbox 1295 3497 1420 3526; x_wconf 89' lang='lat' dir='ltr'>Domini</span> <span class='ocrx_word' id='word_1_1534' title='bbox 1431 3495 1611 3534; x_wconf 76' lang='lat' dir='ltr'>&amp;conjugis</span> <span class='ocrx_word' id='word_1_1535' title='bbox 1627 3493 1717 3524; x_wconf 89' lang='lat' dir='ltr'>nostri</span> <span class='ocrx_word' id='word_1_1536' title='bbox 1733 3492 1903 3529; x_wconf 82' lang='lat' dir='ltr'>charissimi,</span> <span class='ocrx_word' id='word_1_1537' title='bbox 1917 3501 1991 3523; x_wconf 89' lang='lat' dir='ltr'>tanta</span> <span class='ocrx_word' id='word_1_1538' title='bbox 2002 3493 2129 3524; x_wconf 87' lang='lat' dir='ltr'>Militum</span> <span class='ocrx_word' id='word_1_1539' title='bbox 2140 3504 2238 3526; x_wconf 88' lang='lat' dir='ltr'>manus</span> <span class='ocrx_word' id='word_1_1540' title='bbox 2246 3506 2356 3535; x_wconf 76' lang='lat' dir='ltr'>,quan-</span> 
     </span>
     <span class='ocr_line' id='line_1_173' title="bbox 1295 3531 2354 3573; baseline 0.003 -9"><span class='ocrx_word' id='word_1_1541' title='bbox 1295 3543 1321 3565; x_wconf 92' lang='lat' dir='ltr'>ta</span> <span class='ocrx_word' id='word_1_1542' title='bbox 1336 3535 1369 3564; x_wconf 89' lang='lat' dir='ltr'>ad</span> <span class='ocrx_word' id='word_1_1543' title='bbox 1387 3535 1550 3572; x_wconf 87' lang='lat' dir='ltr'>praesentem</span> <span class='ocrx_word' id='word_1_1544' title='bbox 1566 3532 1723 3562; x_wconf 88' lang='lat' dir='ltr'>nostrarum</span> <span class='ocrx_word' id='word_1_1545' title='bbox 1736 3540 1830 3573; x_wconf 74' lang='lat' dir='ltr'>rerum</span> <span class='ocrx_word' id='word_1_1546' title='bbox 1845 3541 1878 3561; x_wconf 90' lang='lat' dir='ltr'>ac</span> <span class='ocrx_word' id='word_1_1547' title='bbox 1891 3531 1993 3561; x_wconf 91' lang='lat' dir='ltr'>horum</span> <span class='ocrx_word' id='word_1_1548' title='bbox 2017 3540 2181 3570; x_wconf 91' lang='lat' dir='ltr'>temporum</span> <span class='ocrx_word' id='word_1_1549' title='bbox 2198 3534 2278 3565; x_wconf 89' lang='lat' dir='ltr'>usum</span> <span class='ocrx_word' id='word_1_1550' title='bbox 2293 3535 2354 3567; x_wconf 84' lang='lat' dir='ltr'>satis</span> 
     </span>
     <span class='ocr_line' id='line_1_174' title="bbox 1290 3568 2355 3612; baseline 0.001 -10"><span class='ocrx_word' id='word_1_1551' title='bbox 1290 3572 1353 3602; x_wconf 89' lang='lat' dir='ltr'>fore</span> <span class='ocrx_word' id='word_1_1552' title='bbox 1367 3572 1514 3610; x_wconf 88' lang='lat' dir='ltr'>speramus.</span> <span class='ocrx_word' id='word_1_1553' title='bbox 1534 3571 1642 3601; x_wconf 80' lang='lat' dir='ltr'>Verum</span> <span class='ocrx_word' id='word_1_1554' title='bbox 1655 3568 1772 3607; x_wconf 74' lang='lat' dir='ltr'>cognita</span> <span class='ocrx_word' id='word_1_1555' title='bbox 1781 3577 1839 3606; x_wconf 80' lang='lat' dir='ltr'>jam</span> <span class='ocrx_word' id='word_1_1556' title='bbox 1857 3569 1948 3599; x_wconf 58' lang='lat' dir='ltr'>vestr&amp;</span> <span class='ocrx_word' id='word_1_1557' title='bbox 1961 3570 2123 3609; x_wconf 88' lang='lat' dir='ltr'>voluntate,</span> <span class='ocrx_word' id='word_1_1558' title='bbox 2140 3571 2159 3600; x_wconf 87' lang='lat' dir='ltr'>fi</span> <span class='ocrx_word' id='word_1_1559' title='bbox 2174 3571 2229 3602; x_wconf 88' lang='lat' dir='ltr'>alio</span> <span class='ocrx_word' id='word_1_1560' title='bbox 2241 3580 2355 3612; x_wconf 88' lang='lat' dir='ltr'>ternpo-</span> 
     </span>
     <span class='ocr_line' id='line_1_175' title="bbox 1291 3607 2353 3646; baseline 0.004 -7"><span class='ocrx_word' id='word_1_1561' title='bbox 1291 3621 1319 3640; x_wconf 91' lang='lat' dir='ltr'>re</span> <span class='ocrx_word' id='word_1_1562' title='bbox 1337 3612 1372 3640; x_wconf 88' lang='lat' dir='ltr'>sic</span> <span class='ocrx_word' id='word_1_1563' title='bbox 1384 3611 1450 3641; x_wconf 88' lang='lat' dir='ltr'>ferat</span> <span class='ocrx_word' id='word_1_1564' title='bbox 1463 3608 1749 3646; x_wconf 91' lang='lat' dir='ltr'>occas10,neminem</span> <span class='ocrx_word' id='word_1_1565' title='bbox 1765 3615 1810 3636; x_wconf 90' lang='lat' dir='ltr'>aut</span> <span class='ocrx_word' id='word_1_1566' title='bbox 1827 3607 1959 3638; x_wconf 80' lang='lat' dir='ltr'>libentius</span> <span class='ocrx_word' id='word_1_1567' title='bbox 1973 3616 2020 3639; x_wconf 89' lang='lat' dir='ltr'>aut</span> <span class='ocrx_word' id='word_1_1568' title='bbox 2036 3609 2111 3646; x_wconf 76' lang='lat' dir='ltr'>prius</span> <span class='ocrx_word' id='word_1_1569' title='bbox 2123 3609 2158 3639; x_wconf 90' lang='lat' dir='ltr'>ad</span> <span class='ocrx_word' id='word_1_1570' title='bbox 2172 3609 2353 3644; x_wconf 87' lang='lat' dir='ltr'>serviendum</span> 
     </span>
     <span class='ocr_line' id='line_1_176' title="bbox 1292 3644 2353 3688; baseline 0.002 -10"><span class='ocrx_word' id='word_1_1571' title='bbox 1292 3650 1374 3678; x_wconf 84' lang='lat' dir='ltr'>nobis</span> <span class='ocrx_word' id='word_1_1572' title='bbox 1390 3649 1562 3678; x_wconf 87' lang='lat' dir='ltr'>accersemus</span> <span class='ocrx_word' id='word_1_1573' title='bbox 1577 3647 1665 3685; x_wconf 77' lang='lat' dir='ltr'>quam</span> <span class='ocrx_word' id='word_1_1574' title='bbox 1683 3644 1808 3674; x_wconf 86' lang='lat' dir='ltr'>vestrum</span> <span class='ocrx_word' id='word_1_1575' title='bbox 1817 3645 1986 3684; x_wconf 85' lang='lat' dir='ltr'>Nepotem,</span> <span class='ocrx_word' id='word_1_1576' title='bbox 2005 3656 2083 3685; x_wconf 74' lang='lat' dir='ltr'>cujus</span> <span class='ocrx_word' id='word_1_1577' title='bbox 2096 3647 2197 3685; x_wconf 86' lang='lat' dir='ltr'>virtus,</span> <span class='ocrx_word' id='word_1_1578' title='bbox 2215 3647 2300 3688; x_wconf 81' lang='lat' dir='ltr'>fides,</span> <span class='ocrx_word' id='word_1_1579' title='bbox 2318 3661 2353 3683; x_wconf 89' lang='lat' dir='ltr'>ac</span> 
     </span>
     <span class='ocr_line' id='line_1_177' title="bbox 1296 3683 2349 3754; baseline 0.005 -39"><span class='ocrx_word' id='word_1_1580' title='bbox 1296 3687 1447 3754; x_wconf 40' lang='lat' dir='ltr'>iIJDOItiiirags‘5⁹</span> <span class='ocrx_word' id='word_1_1581' title='bbox 1444 3687 1541 3716; x_wconf 88' lang='lat' dir='ltr'>multis</span> <span class='ocrx_word' id='word_1_1582' title='bbox 1557 3683 1720 3715; x_wconf 83' lang='lat' dir='ltr'>melioribus</span> <span class='ocrx_word' id='word_1_1583' title='bbox 1742 3684 1814 3714; x_wconf 86' lang='lat' dir='ltr'>notis</span> <span class='ocrx_word' id='word_1_1584' title='bbox 1835 3686 1951 3724; x_wconf 85' lang='lat' dir='ltr'>cognita</span> <span class='ocrx_word' id='word_1_1585' title='bbox 1965 3686 2051 3717; x_wconf 88' lang='lat' dir='ltr'>nobis</span> <span class='ocrx_word' id='word_1_1586' title='bbox 2064 3693 2096 3717; x_wconf 87' lang='lat' dir='ltr'>ac</span> <span class='ocrx_word' id='word_1_1587' title='bbox 2111 3686 2232 3725; x_wconf 82' lang='lat' dir='ltr'>probata</span> <span class='ocrx_word' id='word_1_1588' title='bbox 2249 3688 2349 3721; x_wconf 85' lang='lat' dir='ltr'>existit.</span> 
     </span>
     <span class='ocr_line' id='line_1_178' title="bbox 1331 3732 2201 3761; baseline 0.002 -8"><span class='ocrx_word' id='word_1_1589' title='bbox 1331 3733 1378 3753; x_wconf 89' lang='lat' dir='ltr'>eus</span> <span class='ocrx_word' id='word_1_1590' title='bbox 1388 3745 1398 3761; x_wconf 93' lang='lat'>,</span> <span class='ocrx_word' id='word_1_1591' title='bbox 1438 3732 1477 3754; x_wconf 81' lang='grc' dir='ltr'>ἐ.</span> <span class='ocrx_word' id='word_1_1592' title='bbox 2198 3738 2201 3739; x_wconf 52' lang='grc'>’</span> 
     </span>
    </p>
   </div>
   <div class='ocr_carea' id='block_1_18' title="bbox 1334 3796 1793 3837">
    <p class='ocr_par' dir='ltr' id='par_1_20' title="bbox 1334 3796 1793 3837">
     <span class='ocr_line' id='line_1_179' title="bbox 1334 3796 1793 3837; baseline -0.002 -6"><span class='ocrx_word' id='word_1_1593' title='bbox 1334 3798 1420 3837; x_wconf 82' lang='lat' dir='ltr'>Apud</span> <span class='ocrx_word' id='word_1_1594' title='bbox 1437 3798 1477 3829; x_wconf 90' lang='lat' dir='ltr'>D.</span> <span class='ocrx_word' id='word_1_1595' title='bbox 1489 3797 1593 3837; x_wconf 88' lang='lat' dir='ltr'>Jacob.</span> <span class='ocrx_word' id='word_1_1596' title='bbox 1613 3796 1688 3829; x_wconf 90' lang='lat' dir='ltr'>XX.</span> <span class='ocrx_word' id='word_1_1597' title='bbox 1710 3797 1793 3831; x_wconf 84' lang='lat' dir='ltr'>Maii.</span> 
     </span>
    </p>
   </div>
  </div>
 </body>
</html>
