2561 4263
87 231 163 262 Ann.
175 230 216 262 D.
231 236 293 266 and
312 243 419 275 twenty
433 238 502 266 Men
517 235 590 266 with
599 236 692 267 double
700 239 857 280 Equipage,

794 153 904 193 ET
988 157 1261 202 ACTA

106 271 191 310 1635«
225 274 307 304 cuals.

83 313 134 337 An.
151 320 195 337 ιι.

82 351 144 375 Car.
166 358 190 376 r.
269 350 352 388 Rex,
371 351 431 382 &o
449 349 806 385 VicecomitiComitatus
818 354 907 385 nostri
922 356 1145 397 Northampton,

99 389 178 413 Non·
270 389 376 428 Majori
386 412 395 427 ,
413 388 524 420 Ballivis
540 392 574 421 ὃ(
588 390 772 432 Burgensibus
787 393 822 423 de
838 393 911 425 Villa
924 395 1146 436 Northampton,

82 424 213 460 hampton.
270 426 376 465 Majori
392 451 401 464 ,
435 427 635 460 Aldermannis
659 432 692 462 ὃς
717 430 903 469 Burgensibus
928 432 1015 470 Burgi
1040 436 1072 466 δε
1095 435 1237 466 Parochie
1253 437 1290 467 de

99 498 119 517 ³
131 499 197 528 XX.

82 539 128 573 64.

74 1012 177 1040 Noniu-

68 1051 160 1088 gham.

87 1603 172 1630 Beris.

75 3040 158 3068 oxon}

72 3770 150 3800 Rotel.

21 4006 23 4008 v
66 3986 160 4017 ‘XX.

46 4027 63 4051 6
66 4033 93 4059 5.

64 4063 157 4102 tristol„

230 466 353 503 Higham
366 469 477 496 Ferrers
490 465 518 497 in
535 467 686 500 Comitatu
700 471 924 509 Northanqitom

263 505 283 524 ³¹²
299 504 425 542 Ballivis,
443 504 628 545 Burgenfibus
641 509 674 538 ὃς
687 506 896 540 Communitati
908 510 997 547 Burgi
1010 511 1045 541 de
1059 515 1221 543 Daventrie
1235 537 1244 552 ‚

265 542 380 611 ΙΞΞΙΙίνὶῗ
393 545 426 576 &
441 543 629 582 Burgensibus
646 544 781 577 Civitatis
794 547 830 577 de
848 547 942 587 Burgo
956 551 1052 579 Sanclt
1064 553 1141 581 Petri
1153 553 1216 583 alias
1233 555 1286 581 Pe-

227 587 271 610 ter
289 593 351 612 OYOu
375 593 387 611 ,7

265 594 372 660 Majoffi
387 605 421 652 ἐς
439 620 628 659 Burgensrbus
643 622 734 660 Burgi
749 624 784 655 de
799 625 945 666 Brackley,
962 636 996 657 ac
1009 628 1105 664 probis
1121 627 1288 658 hominibus

229 658 260 688 in
273 660 376 690 eisdem
393 659 535 698 Civitate,
553 659 651 699 Villis,
668 661 779 701 Burgis,
798 663 935 695 Parochia
959 667 991 696 ὃς
1010 665 1154 695 Membris
1171 675 1286 695 eorum-

227 698 314 736 dem,
328 699 362 730 &
385 700 413 728 in
430 697 511 729 Villis
526 699 561 729 de
576 700 694 729 Owndle
716 703 748 732 ὃς
776 702 1026 740 Wllnigborough,
1044 712 1076 732 ac
1098 704 1127 732 in
1150 705 1287 734 omnibus

225 736 282 767 aliis
297 736 413 776 Burgis,
433 735 533 775 Villis,
548 737 673 776 Villati'S,
689 739 842 772 Hamlettis
861 742 895 772 &
917 741 975 771 aliis
990 740 1061 770 locis
1079 742 1108 772 in
1126 741 1207 771 dieto
1223 741 1285 771 Co-

220 777 322 808 mitatu
336 774 559 814 Northampton‚
578 776 713 809 Salutem.

261 856 297 883 To
325 852 356 882 be
376 852 492 890 charged
508 852 581 882 with
600 866 618 883 a
636 853 700 893 Ship
719 853 805 893 offix
823 853 950 884 hundred
966 855 1053 892 Tons,
1072 855 1133 884 and
1157 867 1200 886 wo
1215 855 1286 886 hun-

219 892 364 962 ZZZ?
374 891 455 932 farty
472 895 540 922 Men
555 891 628 922 with
641 892 735 922 double
751 895 904 932 Equzpage,
928 895 1090 931 Munition,
1108 897 1206 932 nages
1225 896 1285 925 and

258 1008 346 1046 Rex,
363 1008 424 1039 &c.
443 1006 618 1038 Vicecomiti
633 1005 796 1037 Comitatus
811 1006 900 1036 nostri
917 1007 1121 1046 Nottingham,

259 1047 370 1086 Majori
385 1047 418 1077 ὃς
434 1045 634 1076 Aldermannis
656 1044 730 1075 Ville
745 1044 950 1084 Nottingham,
964 1056 998 1077 ac
1025 1047 1198 1079 vicecomiti
1216 1048 1281 1080 Co-

220 1087 334 1118 mitatus
346 1085 472 1124 ejusdem
489 1082 584 1120 Ville,
605 1122 609 1127 Ι
669 1121 672 1126 ¹
1131 1125 1136 1130 ¹
1256 1125 1264 1132 .

254 1124 360 1162 Σκὶε]οῑί
375 1126 407 1153 δε
425 1121 624 1153 Aldermannis
638 1121 711 1153 Ville
726 1121 762 1153 de
780 1122 924 1152 Newarke
934 1123 1014 1162 super
1026 1125 1111 1154 Trent
1129 1134 1158 1155 in
1171 1124 1278 1157 Comi-

289 1164 393 1192 Nottin
412 1161 475 1189 ham
497 1162 499 1164 ’

213 1173 357 1234 taBlallivis
371 1172 410 1230 ὅέ
423 1182 604 1236 Burgensibus
616 1197 693 1229 Ville
705 1199 741 1229 de
758 1198 969 1239 EastRetford,
987 1211 1020 1231 ac
1038 1202 1135 1240 probis
1151 1201 1280 1233 homini-

214 1243 269 1273 bus
289 1242 318 1269 in
340 1237 441 1268 eisdem
458 1236 537 1266 Villis
559 1237 592 1267 &
609 1235 751 1268 Membris
772 1242 961 1276 eorumdem,
983 1241 1016 1271 ὃς
1039 1239 1192 1272 Comitatu
1209 1241 1278 1280 ejus-

215 1281 284 1310 dem
304 1277 378 1307 Ville
390 1273 592 1313 Nottingham,
613 1276 645 1307 ὃ(
661 1276 690 1306 in
714 1275 795 1306 Villis
817 1278 852 1308 de
874 1276 1026 1315 Mansfeld
1047 1279 1079 1309 ὃ(
1109 1279 1278 1318 Southwell,

215 1328 247 1349 ac
266 1319 293 1347 in
306 1316 364 1345 aliis
380 1313 477 1352 Villis,
495 1314 603 1353 Burgis,
625 1312 749 1353 VillatiS,
767 1314 923 1347 Hamlettis
941 1318 974 1347 &
988 1317 1045 1347 aliis
1064 1317 1136 1348 locis
1151 1319 1181 1349 in
1196 1319 1278 1350 dicto

213 1355 366 1388 Comitatu
381 1351 567 1391 Nottingham
579 1375 590 1391 ,
606 1351 742 1384 Salutem.

246 1436 285 1464 To
304 1432 334 1463 he
352 1429 471 1468 charged
484 1429 559 1459 with
575 1441 594 1458 a
611 1429 674 1467 Ship
689 1428 725 1468 of
730 1429 807 1461 three
822 1429 955 1461 hundred
965 1432 1028 1461 and
1031 1431 1104 1472 fifty
1116 1435 1202 1471 Tons,
1220 1434 1281 1463 and

211 1484 260 1504 one
287 1471 416 1501 hundred
433 1471 506 1500 Men
526 1467 600 1499 with
617 1468 711 1498 double
730 1471 889 1509 Equipage,
915 1473 1078 1510 Munition,
1104 1473 1201 1510 Wages
1219 1473 1279 1503 and

212 1515 241 1546 V
240 1509 341 1543 ie't'uals

249 1597 333 1634 Rex,
351 1595 413 1626 &c.
429 1593 607 1625 Vicecomiti
623 1593 786 1624 Comitatus
799 1593 889 1624 nostri
904 1595 1006 1638 Ber-ks,

251 1635 374 1673 Mnjori,
392 1635 424 1663 &
442 1631 617 1670 Capitalibus
630 1632 814 1675 Burgensibus
832 1632 914 1671 Burgi
929 1634 965 1663 de
980 1633 1118 1679 Reading‚
1211 1675 1217 1681 ·

253 1673 380 1711 Maiori,
398 1671 510 1702 Ballivis
525 1673 557 1703 &
573 1671 759 1710 Burgenlibus
775 1671 812 1702 de
825 1673 916 1702 Nova
932 1673 1069 1712 Windfiir
1086 1684 1114 1704 in
1127 1673 1278 1706 Comitatu

213 1713 375 1788 Beffisafori’
396 1748 508 1780 Ballivis
523 1750 556 1780 &
569 1748 754 1788 Burgenfibus
769 1747 852 1787 Burgi
870 1748 906 1779 de
917 1750 1084 1793 Abingdon,

250 1789 374 1830 Majori,
392 1788 576 1827 Burgensibus
590 1789 623 1819 δε
640 1786 944 1826 CommunitatiBurgi
954 1788 1011 1819 five
1021 1787 1097 1819 Ville
1105 1787 1141 1819 de
1149 1788 1281 1828 Walling-

211 1829 637 1937 &reiterantes
650 1863 841 1943 {istriis
853 1864 1177 1905 N
1245 1906 1280 1938 d.

279 1921 282 1923 ’
411 1926 421 1941 a
624 1926 634 1941 ο

204 1943 445 2014 Mgliiahedriihiisso
461 1982 494 2012 ὃς
511 1980 695 2019 Burgensibus
711 1979 740 2010 V
742 1980 789 2010 ille
803 1979 838 2024 tie
856 1980 1054 2025 Whingham‚
1070 1983 1100 2012 in
1120 1983 1277 2015 Comitati-

212 2024 265 2053 bus
280 2021 366 2051 Berks
382 2019 420 2055 ὠ,
437 2021 479 2050 W
483 2018 547 2058 ilts,
565 2029 598 2049 ac
620 2020 716 2057 probis
730 2019 899 2050 hominibus
915 2030 942 2049 m
956 2020 1060 2051 eisdem
1077 2021 1192 2063 BurgiS,
1212 2024 1274 2055 Vil-

210 2062 242 2092 lis
257 2062 287 2091 &
306 2058 448 2090 Membris
463 2057 634 2088 eorumdem
643 2080 653 2096 ,
671 2059 703 2088 δε
718 2058 748 2087 in
757 2057 836 2088 Villis
847 2058 882 2101 de
890 2060 1061 2097 Farringdon
1074 2062 1107 2092 &
1119 2064 1275 2105 Wantage‚

210 2111 245 2130 ac
262 2102 290 2130 in
309 2098 441 2128 omnibus
456 2096 514 2127 aliis
530 2096 642 2137 Burgis,
661 2095 761 2134 Villis,
776 2096 904 2136 Villatis,
921 2096 1076 2130 Hamlettis
1096 2100 1130 2131 &
1149 2101 1207 2132 aliis
1229 2102 1274 2132 lo-

209 2140 249 2169 cis
265 2140 293 2169 in
310 2136 391 2168 dic‘to
409 2135 561 2166 Comitatu
573 2135 679 2173 Berks,
697 2134 834 2166 Salutem.

248 2219 285 2245 To
302 2214 332 2244 he
352 2212 467 2251 charged
488 2211 561 2242 with
578 2224 597 2242 a
612 2211 677 2252 Ship
693 2211 802 2251 offhur
818 2211 945 2243 hundred
958 2216 1045 2252 Tons,
1063 2216 1188 2245 manned
1197 2218 1272 2248 with

204 2266 254 2284 one
267 2253 397 2284 hundred
417 2251 477 2281 and
486 2251 564 2290 fixty
587 2254 658 2282 Men
673 2273 683 2289 ,
712 2251 785 2282 with
807 2251 901 2282 double
922 2254 1082 2294 Equipage²
1107 2258 1271 2296 ll1unition,

206 2295 302 2330 Whgcs
316 2291 377 2321 and
388 2293 415 2320 V
417 2289 522 2320 ietuals.

245 2368 333 2407 Rex,
353 2369 414 2398 &c
434 2367 614 2398 Vicecomiti
630 2367 796 2398 Comitatus
811 2367 900 2398 nostri
915 2367 1018 2408 Effix,

244 2406 372 2445 Ballivis,
391 2405 606 2444 Aldermannss,
626 2406 802 2444 Capitalibus
815 2406 1044 2447 Burgenlibus&
1059 2408 1274 2444 communitati

205 2445 295 2484 Burgi
311 2446 347 2476 de
366 2444 502 2484 Malum,
687 2485 692 2489 .

246 2483 360 2515 Ballivis
374 2485 408 2515 &
424 2483 640 2514 Communitati
656 2483 731 2514 Ville
747 2483 901 2522 Colcestrie‚

247 2521 357 2561 Majori
371 2523 403 2553 ὃς
419 2520 607 2559 Burgensibus
622 2521 707 2561 Burgi
721 2525 863 2552 Harewici
874 2525 903 2554 in
919 2523 1071 2556 Comitatu
1084 2525 1185 2566 Effex,

244 2561 436 2592 Thesaurario
451 2560 483 2589 ὃς
500 2558 672 2590 Camerariis
687 2560 875 2592 Fraternitatis
900 2562 957 2594 sive
978 2562 1068 2594 Gilde
1081 2564 1184 2596 Sancte
1200 2565 1271 2597 Tri-

207 2601 302 2632 nitatis
315 2601 344 2629 in
360 2597 485 2629 Ecclesia
502 2597 663 2628 Parochiali
678 2599 714 2629 de
730 2599 863 2637 Walden,

245 2638 369 2676 Maiori,
388 2636 598 2674 Recordatori,
616 2636 727 2668 Ballivis
741 2637 774 2668 ὃς
793 2637 1004 2669 Communitati
1024 2639 1107 2678 Burgi
1121 2641 1158 2672 de
1172 2642 1270 2673 Thax-

208 2678 274 2715 ted,
292 2686 325 2707 ac
348 2676 444 2714 probis
469 2675 635 2706 hominibus
649 2676 677 2705 in
702 2676 806 2706 eisdem
823 2675 937 2715 Burgis‚
960 2677 1059 2716 Villis,
1079 2679 1217 2711 Parochia
1236 2684 1270 2713 δε

205 2715 354 2748 Membris
368 2713 555 2752 eorumdem,
573 2714 607 2744 &
629 2715 658 2743 in
674 2713 757 2744 Villis
771 2715 807 2745 de
821 2715 977 2754 Britlesea,
995 2716 1148 2757 Rumfvrd,
1166 2722 1271 2750 Brain-

204 2763 262 2786 gree
279 2755 311 2786 ὃς
333 2751 535 2791 Chelmegfora',
551 2762 584 2782 ac
606 2753 636 2782 in
659 2753 795 2783 omnibus
818 2753 878 2784 aliis
897 2753 1008 2797 Burgis‚
1034 2755 1132 2796 Villis,
1152 2758 1270 2799 Villatis,

205 2793 361 2824 Hamlettis
371 2815 382 2831 ‚
399 2792 433 2823 &
446 2791 505 2822 aliis
517 2791 586 2822 locis
599 2792 630 2821 in
645 2791 725 2822 dieto
742 2791 893 2823 Comitatu
906 2794 1007 2832 Effex,
1028 2794 1163 2827 Salutem.

242 2872 279 2900 To
297 2869 327 2898 he
340 2867 459 2905 charged
473 2868 548 2898 with
566 2880 584 2897 a
601 2867 666 2906 Ship
678 2867 714 2907 of
721 2867 797 2905 eight
818 2868 944 2899 hundred
956 2873 1044 2909 Tons,
1064 2874 1186 2904 manned
1195 2874 1270 2905 with

203 2908 281 2939 three
297 2907 422 2937 hundred
435 2907 494 2936 and
504 2914 613 2947 twenty
630 2910 717 2945 Men,
732 2907 808 2937 vwith
824 2907 918 2938 double
928 2911 1084 2951 Equipage,
1111 2915 1270 2954 Munition,

203 2949 301 2984 Wages
316 2946 378 2976 and
396 2949 423 2976 V
423 2944 545 2976 inuans.

235 3023 320 3059 Rex,
339 3022 399 3053 &c
420 3021 594 3052 Vicecomiti
610 3020 774 3053 Comitatus
788 3023 874 3053 nostri
889 3027 988 3063 Oxon,

241 3061 368 3099 Maiori,
385 3059 498 3090 Ballivis
511 3061 544 3091 &
559 3059 773 3092 Communitati
794 3061 930 3094 Civitatis
945 3067 1045 3102 oxon,
1064 3064 1093 3094 in
1117 3065 1268 3099 Comitatu

201 3103 303 3138 Oxou,

240 3138 420 3169 Hominibus
432 3138 465 3168 ὃ(
480 3134 667 3174 Burgenfibus
683 3134 758 3167 Ville
771 3137 807 3168 de
820 3137 962 3177 Bursord,

241 3177 355 3208 Ballivis
363 3199 374 3215 ‚
392 3175 590 3206 Aldermannis
600 3196 609 3212 ‚
624 3174 656 3205 ὃ(
666 3173 853 3213 Burgensibus
862 3177 949 3215 Burgi
959 3179 992 3210 ὅ(
1000 3177 1141 3211 Parochie
1147 3180 1182 3210 de
1189 3184 1268 3212 Ban-

203 3215 346 3284 huerlallivis
358 3254 391 3284 &
406 3251 594 3291 Burgensibus
611 3250 694 3290 Burgi
714 3250 771 3281 five
787 3251 862 3282 Ville
880 3252 915 3283 de
933 3253 1174 3295 Chippingnorton,

237 3291 401 3329 Gardiano,
419 3291 612 3329 Pontenatiis,
637 3289 823 3330 Burgensibus
842 3292 875 3323 &
896 3290 1111 3325 Communitati
1137 3295 1212 3327 Ville
1229 3297 1265 3328 de

201 3330 307 3369 Henley
319 3328 400 3369 super
414 3329 560 3369 Thamifim
568 3352 583 3373 ,ι
627 3367 632 3372 ¹

239 3368 347 3406 Maiori
365 3369 398 3399 &
421 3367 633 3398 Communitati
935 3410 938 3411 .

199 3408 326 3437 minibus
347 3407 376 3436 in
398 3405 502 3435 eisdem
517 3405 656 3443 civitate,
678 3405 732 3435 Bur
756 3407 792 3445 is,
817 3406 895 3437 Villis
924 3411 957 3439 ὅς
982 3408 1126 3440 Membris
1145 3421 1263 3443 eorum-

197 3447 284 3484 dem,
299 3445 332 3476 &
351 3445 380 3475 in
395 3443 473 3475 Villis
488 3443 524 3474 de
538 3448 644 3483 Witney
659 3415 833 3489 sscnff'game,¹
846 3456 878 3476 ac
902 3446 930 3490 in
958 3449 1094 3491 omnibus
1113 3449 1168 3479 aliis
1189 3450 1262 3481 Bur-

197 3485 256 3524 gis‚
285 3483 385 3520 Villis,
407 3482 512 3513 Villatis
529 3505 539 3520 ‚
565 3483 717 3514 Hamlettis
737 3485 770 3515 ὃς
789 3484 848 3515 aliis
868 3485 937 3516 locis
958 3495 987 3515 in
1004 3485 1084 3517 dicto
1112 3487 1264 3521 Comitatu

199 3526 298 3559 oxon,
317 3522 454 3553 Salutem.

648 3366 732 3405 Burgi
749 3344 834 3398 No-rire
852 3369 1023 3407 VVoodstock,
1042 3381 1075 3401 ac
1097 3373 1192 3409 probis
1207 3373 1263 3404 ho-

234 3601 272 3628 To
288 3598 318 3628 be
334 3597 454 3635 charged
464 3597 537 3626 with
552 3607 569 3626 a
584 3596 632 3626 Shr'
664 3596 700 3636 of
711 3597 787 3628 three
802 3597 928 3630 hundred
938 3601 1000 3630 and
1006 3599 1073 3640 fifty
1081 3604 1152 3632 Tons
1158 3626 1167 3641 ,
1186 3615 1265 3634 man-

197 3637 253 3668 ned
262 3637 336 3667 with
350 3648 397 3667 one
411 3635 535 3667 hundred
547 3636 607 3664 and
632 3645 691 3675 orty
709 3640 795 3676 Men,
813 3637 887 3668 with
913 3638 1006 3669 double
1019 3642 1177 3682 Equipage,
1196 3646 1266 3673 Mu-

198 3679 287 3707 nition
302 3700 310 3713 ‚
326 3678 424 3713 Wages
438 3674 498 3704 and
507 3676 535 3703 V
536 3674 644 3704 ictuals.

238 3752 321 3791 Rex,
339 3752 400 3783 &c.
417 3751 596 3781 Vicecomiti
611 3748 775 3782 Comitatus
789 3752 878 3784 nostri
893 3755 992 3794 Rotel,
1009 3765 1042 3786 ac
1061 3756 1158 3794 probis
1171 3757 1267 3789 homi-

202 3792 284 3823 nibus
298 3793 328 3821 in
347 3789 430 3821 Villis
443 3791 480 3820 cle
495 3789 618 3833 Okeharn
632 3789 665 3820 ὃς
683 3792 827 3835 Mercott,
844 3802 876 3822 ac
894 3794 1073 3837 intomnibus
1086 3795 1144 3839 aliis
1158 3796 1266 3837 Burgis‚

198 3828 442 3898 {eligie’mvmatis'
460 3827 631 3866 Hamlett1s‚
649 3829 682 3858 &
699 3828 756 3858 alus
769 3829 840 3860 loeis
857 3832 888 3860 in
906 3832 986 3863 diei-o
1002 3832 1153 3866 Comitatu
1166 3836 1265 3874 Rotel,

234 3944 271 3972 To
287 3942 317 3971 be
334 3942 451 3980 charged
457 3943 530 3974 with
545 3955 563 3973 a
577 3943 643 3982 Ship
660 3942 695 3982 of
702 3943 791 3981 eighty
804 3944 889 3981 Timr,
908 3944 966 3974 and
976 3945 1066 3985 thirty
1081 3951 1152 3979 Men
1163 3973 1172 3988 ,
1192 3950 1266 3981 with

200 3979 293 4012 double
310 3982 465 4020 Equspage,
483 3985 640 4020 Munium,
658 3987 751 4020 Wagex
764 3983 823 4012 and
833 3985 861 4013 V
863 3983 970 4014 iduals.

237 4059 254 4076 *⁵
270 4056 352 4127 IJex,
366 4057 427 4125 ῗεὶὲ.
441 4056 572 4125 pagati,
594 4057 779 4098 Burgensibus
793 4059 828 4092 &
841 4058 1054 4094 communitati
1070 4062 1200 4096 Civitatis
1213 4075 1267 4096 no-

298 4106 350 4126 om.
416 4117 423 4124 -
468 4118 475 4124 .
531 4116 540 4125 .

875 243 1035 281 Munition,
1053 248 1144 282 [bages
1159 246 1220 276 and
1230 250 1258 277 V
1259 251 1297 277 ic-

1345 161 1832 211 PUBLICA.
2354 196 2407 238 43

1342 246 1398 277 stre
1412 250 1530 289 Bmstol,
1544 261 1577 281 ac
1592 252 1770 284 Vicecomiti
1785 255 1911 293 ejusdem
1926 255 2075 298 Civitatis,
2090 270 2204 293 necnon
2223 266 2320 302 probis
2333 267 2402 300 Ho-
2424 267 2501 300 Ann.
2514 269 2547 301 D

1339 287 1511 357 fflilliffli.m
1525 290 1625 321 eadem
1640 290 1842 325 Civitate&in
1853 296 2044 328 Libertatibus
2058 300 2091 330 δε
2100 299 2244 333 Membris
2256 307 2380 342 ejusdem
2388 331 2397 345 ‚
2409 310 2527 374 Λῖὄξῗ.

2407 388 2471 413 Car.
2483 396 2509 415 1.

1372 404 1409 431 To
1425 402 1455 432 be
1472 404 1590 442 charged
1606 406 1680 435 with
1696 418 1714 436 a
1731 407 1795 446 Ship
1813 408 1848 446 of
1858 420 1905 440 one
1921 410 2045 442 hundred
2061 416 2131 444 Tam·
2144 431 2165 453 ,-
2186 417 2336 457 andforty
2348 423 2399 461 fix

1335 442 1404 470 Men
1413 463 1423 479 ‚
1437 443 1510 473 with
1526 443 1618 474 double
1636 447 1784 484 Equipage.

1372 516 1455 556 Rex,
1476 520 1537 550 ἃς.
1558 520 1736 553 Vicecomiti
1749 523 1912 556 Comitatus
1930 527 2019 557 nostri
2039 528 2130 560 Glouc.
2445 553 2451 570 ,

1356 554 1485 598 'Majori
1503 559 1535 588 δε
1554 558 1609 589 Bur
1631 561 1741 591 ensibus
1760 562 1894 594 Civitatis
1912 566 2007 595 nostre
2021 566 2112 598 Glouc.
2122 570 2153 599 in
2173 568 2324 605 Comitatu
2338 573 2394 605 Ci-
2419 557 2509 582 Gaas.

1332 594 1534 638 vitatis-G'louc.
1553 607 1586 627 ac
1635 600 1781 630 icecomiti
1796 602 1923 639 ejusdem
1942 603 2087 643 Civitatis,

1368 629 1495 674 Ballivis,
1518 633 1701 673 Burgenfibus
1717 640 1750 669 ὅ(
1774 638 1989 672 Communitati
2009 643 2098 682 Burgi
2116 645 2151 676 de
2166 648 2344 692 Tewkesbury
2363 655 2393 685 in

1332 666 1484 700 Comitatu
1501 671 1592 702 Glouc.

1366 705 1480 738 Ballivis
1495 709 1527 739 &
1544 709 1727 749 Burgenfibus
1745 715 1832 752 Burgi
1849 717 1885 747 de
1904 718 2019 757 Cheping
2036 721 2190 761 Campden,
2205 725 2234 755 in
2256 725 2391 760 Comita-

1330 751 1361 773 tu
1380 745 1471 775 Glouc.
1490 757 1604 791 necnon
1624 752 1720 787 probis
1738 752 1918 796 Hominibus
1943 758 1972 786 in
1991 758 2096 788 eisdem
2119 761 2245 794 Civitate
2258 787 2267 802 ‚
2294 765 2394 807 Burgis

1330 783 1368 825 &¹
1383 782 1527 826 Membris
1543 788 1726 830 eorumdem,
1743 792 1776 822 ὅ(
1793 802 1823 822 in
1842 793 1992 826 Comitatu
2010 798 2134 834 ejusdem
2154 800 2286 833 Civitatis
2293 816 2345 843 ‚ac
2360 808 2391 838 i'n

1334 820 1414 850 Villis
1433 823 1466 852 &
1487 823 1582 862 Burgis
1600 826 1636 855 de
1654 829 1833 867 Newnham,
1851 833 2015 871 Frarnpton,
2031 838 2358 875 crrencesterJhornbur

1329 859 1446 897 Tetbury
1463 863 1497 892 ὃς
1517 863 1715 904 Cheltenham,
1730 876 1766 896 ac
1785 868 1814 897 in
1833 870 1966 900 omnibus
1984 873 2041 902 aliis
2060 874 2177 915 Burgis,
2200 858 2395 919 Villis‚Vtil{-'

1329 899 1380 936 tis,
1400 897 1575 939 Hamlettis,
1594 906 1626 934 ὃς
1645 904 1703 934 aliis
1721 904 1789 935 locis
1804 907 1835 936 in
1854 906 1935 938 dicto
1954 907 2106 943 Comitatu
2122 915 2212 946 Glouc.
2232 918 2369 952 Salutem.

1365 977 1402 1005 To
1420 976 1451 1006 be
1469 977 1587 1015 charged
1601 978 1673 1008 with
1690 991 1738 1010 one
1755 982 1820 1021 Ship
1846 982 1881 1021 of
1894 985 1959 1031 five·
1981 984 2108 1017 hundred
2130 992 2190 1021 and
2207 993 2275 1035 fifty
2304 1000 2376 1030 Tom-

1328 1014 1388 1043 and
1403 1022 1463 1045 two
1480 1017 1606 1047 hundred
1622 1018 1680 1048 and
1695 1027 1802 1060 twenty
1819 1025 1904 1061 Men,
1920 1025 1993 1054 with
2006 1025 2100 1056 double
2113 1029 2261 1070 Equipage,
2382 1023 2393 1039 ³

1362 1089 1446 1129 Rex,
1464 1093 1525 1124 ὅτε.
1544 1094 1723 1127 Vicecomiti
1744 1096 1907 1130 Comitatus
1930 1100 2017 1132 nostri
2033 1104 2228 1145 cantabrigie,

1363 1128 1488 1169 Majori,
1502 1131 1612 1162 Ballivis
1627 1135 1659 1164 ὃς
1676 1134 1862 1174 Burgensibus
1877 1137 1962 1178 Burgi
1979 1140 2014 1170 de
2030 1143 2226 1185 Cantabrigiti,

1362 1166 1546 1212 Burgenlibus
1563 1171 1637 1202 Ville
1656 1172 1701 1204 sue
1720 1175 1757 1203 de
1773 1176 1897 1205 Wisbech
1914 1199 1923 1213 ‚
1950 1179 2019 1217 infra
2042 1181 2164 1218 Insulam
2185 1186 2320 1225 Elienftm
2359 1191 2391 1222 in

1327 1203 1478 1239 Comitatu
1498 1210 1684 1253 cantabrigie,
1704 1222 1820 1243 necnon
1837 1215 1934 1251 probis
1949 1215 2128 1249 Hominibus
2143 1222 2172 1251 in
2188 1224 2295 1255 eisdem
2318 1212 2388 1260 Bur-

1326 1253 1366 1283 go
1389 1247 1423 1276 &
1448 1247 1527 1278 Villis
1541 1249 1574 1279 &
1590 1248 1735 1281 Membris
1749 1252 1935 1291 eorumdem,
1951 1264 1984 1284 ac
2003 1257 2033 1286 in
2046 1260 2181 1290 omnibus
2197 1261 2371 1298 Civitatibus

1334 1283 1413 1314 vinis
1430 1286 1465 1317 sc
1489 1286 1589 1326 Burgis
1606 1288 1679 1318 infra
1698 1289 1821 1327 rufinam
1845 1291 1980 1330 eliensem
2001 1317 2010 1332 ‚
2037 1304 2152 1326 necnon
2173 1300 2201 1328 in
2229 1300 2336 1335 Villatis
2351 1292 2388 1337 de}

1324 1323 1480 1362 chesterton
1497 1325 1530 1356 ὃς
1549 1325 1665 1365 Sobara,
1678 1337 1711 1357 ac
1730 1329 1759 1358 in
1781 1330 1917 1360 omnibus
1935 1331 1994 1361 aliis
2013 1331 2130 1372 Burgis,
2146 1336 2238 1376 Villis,
2250 1339 2383 1376 Hamlet-

1325 1362 1373 1400 tis,
1395 1363 1427 1393 &
1446 1364 1503 1395 aliis
1521 1364 1592 1395 locis
1605 1365 1636 1395 in
1652 1366 1732 1397 dicto
1749 1365 1899 1400 Comitatu
1915 1371 2108 1411 Cantabrigie,
2123 1373 2260 1407 Salutem.

2403 1116 2530 1145 Cantabr.

1362 1442 1398 1469 To
1411 1438 1447 1468 be
1467 1440 1584 1478 charged
1599 1441 1674 1471 with
1693 1452 1741 1472 one
1760 1443 1825 1482 Ship
1843 1444 1879 1484 of
1890 1445 1968 1476 three
1985 1446 2111 1478 hundred
2133 1451 2194 1480 and
2205 1451 2280 1492 fifty
2297 1457 2366 1487 Tam

1323 1478 1442 1508 manned
1458 1479 1531 1508 with
1548 1491 1565 1508 a
1584 1480 1712 1511 hundred
1727 1483 1788 1512 and
1796 1483 1872 1522 forty
1890 1488 1980 1524 Men,
1996 1486 2069 1516 with
2087 1488 2181 1519 double
2201 1493 2349 1531 Equipage.
2374 1483 2384 1498 ³

1360 1552 1446 1593 Rex,
1465 1556 1526 1587 &c.
1546 1555 1723 1588 Vicecomiti
1739 1558 1900 1591 Comitatus
1914 1562 2003 1592 nostri
2021 1564 2157 1604 Lincoln,

1363 1592 1491 1632 Majori,
1508 1594 1629 1626 Civibus
1647 1597 1680 1627 &
1699 1596 1888 1635 Burgenfibus
1906 1599 2038 1633 Civitatis
2053 1605 2188 1643 Lincoln,
2203 1615 2237 1637 ac
2258 1606 2386 1641 Viceco-

1325 1632 1389 1662 miti
1404 1633 1531 1670 ejusdem
1553 1633 1700 1672 Civitatis,

1362 1669 1471 1708 Majori
1490 1672 1522 1702 ὃ(
1539 1672 1725 1710 Burgensibus
1742 1673 1830 1712 Burgi
1848 1676 1884 1708 de
1902 1677 2016 1717 Boston,

1364 1707 1470 1747 Majori
1490 1712 1523 1740 ὃς
1542 1710 1652 1741 Ballivis
1667 1711 1752 1751 Burgi
1771 1713 1806 1744 de
1826 1717 1951 1755 Grimsby
1965 1728 2080 1757 magna,

1364 1748 1565 1779 Aldermannis
1582 1751 1614 1780 &
1631 1749 1816 1790 Burgenlibus
1837 1753 1862 1783 V
1865 1754 1910 1784 ille
1931 1756 1986 1786 live
2003 1758 2090 1795 Burgi
2108 1757 2144 1788 de
2155 1758 2311 1801 Stanford‚

1362 1786 1557 1818 Aldermannis
1575 1789 1608 1819 ὃ(
1627 1788 1815 1826 Burgenfibus
1836 1792 1908 1823 Ville
1923 1794 1980 1824 five
2000 1795 2085 1835 Burgi
2099 1796 2135 1826 de
2149 1799 2326 1839 Grantham,
2350 1812 2385 1834 ac

1326 1825 1424 1863 probis
1441 1825 1621 1857 Hominibus
1640 1829 1670 1857 iu
1688 1829 1794 1858 eisdem
1813 1830 1952 1869 Civitate,
1971 1833 2171 1873 Burgis,Villis
2189 1837 2221 1866 &
2242 1838 2387 1872 Membris

1325 1864 1550 1902 eorumdem,&
1568 1867 1597 1895 in
1614 1865 1762 1897 Comitatu
1776 1869 1899 1906 ejusdem
1914 1870 2061 1911 Civitatis,
2071 1883 2103 1903 ac
2120 1874 2148 1902 in
2165 1875 2244 1905 Villis
2258 1877 2293 1908 de
2307 1879 2387 1916 Spal-

1325 1904 1407 1940 ding,
1430 1903 1603 1942 Wainfleete,
1626 1906 1830 1943 Gainsborough
1852 1909 1885 1939 ὃς
1902 1910 2009 1940 Lowth
2025 1935 2034 1949 ‚
2059 1922 2092 1942 ac
2117 1913 2147 1941 in
2171 1915 2306 1946 omnibus
2328 1917 2388 1948 aliis

1326 1941 1443 1979 BurgiS,
1460 1941 1556 1980 Villis,
1574 1942 1699 1982 Villatis,
1716 1943 1871 1978 Hamlettis
1888 1949 1922 1980 &
1938 1949 1996 1980 aliis
2015 1949 2086 1981 locis
2105 1950 2136 1980 in
2151 1951 2232 1982 dicto
2255 1953 2387 1987 Comita-

1323 1988 1354 2011 tu
1374 1979 1506 2019 Lz'ncoln,
1524 1980 1657 2012 Salutem.

2394 1577 2505 1609 Limenia„

1358 2060 1394 2087 To
1413 2057 1444 2087 be
1464 2057 1583 2096 charged
1596 2058 1669 2089 with
1687 2070 1734 2090 one
1753 2061 1817 2099 Ship
1845 2060 1881 2102 of
1895 2064 1968 2101 eight
1994 2064 2121 2095 hundred
2143 2068 2214 2097 Tons
2228 2090 2238 2106 ,
2269 2072 2390 2102 manned

1321 2095 1396 2127 with
1415 2096 1492 2127 three
1506 2097 1633 2128 hundred
1648 2100 1708 2129 and
1722 2106 1830 2140 twenty
1848 2104 1936 2141 Men,
1953 2103 2026 2133 with
2043 2104 2137 2134 double
2155 2107 2304 2146 Equipczge.

1358 2171 1442 2211 Rex,
1460 2173 1520 2206 &c
1538 2175 1715 2207 Vicecomiti
1733 2175 1896 2209 Comitatus
1911 2179 1999 2210 nostri
2016 2181 2164 2221 somerset,

1357 2212 1485 2251 Majori,
1501 2214 1703 2245 Aldermannis
1719 2216 1753 2247 &
1770 2215 1953 2255 Burgenlibus
1972 2218 2060 2259 Burgi·
2076 2221 2111 2250 de
2130 2221 2346 2264 Bridgewater,

1354 2250 1504 2289 Prepofito
1521 2254 1555 2284 ὃς
1576 2253 1764 2291 Burgenlibus
1784 2255 1869 2295 Burgi
1888 2257 1924 2287 de
1942 2258 2101 2297 Mynhmd,

1333 2290 1483 2358 hMajori,
1502 2290 1915 2335 Refordatori,Aldermannis
1933 2298 1966 2328 ὃς
1982 2296 2148 2335 justiciariis
2171 2298 2308 2332 Civitatis
2327 2304 2386 2332 Ba-

1317 2335 1331 2358 t
1353 2333 1429 2359 onien
1440 2340 1463 2358 15

1357 2329 1484 2408 Majgriss
1504 2368 1704 2402 Aldermannis
1720 2372 1754 2403 ὅτ
1775 2370 1964 2409 Burgenlibus
1985 2373 2072 2413 Burgi
2094 2374 2131 2405 de
2145 2374 2312 2416 Axbridge‚

1357 2406 1468 2445 Majori
1488 2410 1520 2439 ὃς
1537 2408 1726 2446 Burgenlibus
1745 2409 1834 2447 Burgi
1853 2410 1889 2441 de
1905 2414 2031 2442 Tarenton
2042 2435 2052 2451 ,

1359 2445 1485 2484 Majori‚
1497 2447 1638 2486 Magistro
1658 2450 1691 2480 ὃς
1711 2448 1898 2490 Burgenlibus
1917 2450 2049 2481 Civitatis
2070 2451 2127 2484 five
2146 2451 2230 2493 Burgi
2245 2453 2281 2485 de
2294 2454 2385 2495 uelis,

1356 2484 1467 2515 Ballivis
1485 2485 1517 2516 ὅτ.
1537 2486 1591 2517 Bur
1612 2487 1723 2518 ensibus
1741 2487 1825 2526 Burgi
1840 2493 1876 2518 cle
1891 2489 2072 2528 Ivelchestre,

1355 2522 1501 2561 Prepolito
1520 2525 1553 2555 &
1603 2527 1784 2556 ommunitati
1806 2525 1892 2564 Burgi
1908 2527 1943 2557 de
1962 2530 2107 2568 Langport
2129 2529 2264 2570 Estwer,

1357 2561 1506 2600 Prepofito
1524 2564 1557 2594 &
1575 2563 1759 2602 Burgensibus
1780 2564 1851 2594 Ville
1871 2564 1907 2594 de
1925 2565 2018 2595 Yevell
2031 2589 2040 2604 ,
2070 2577 2105 2598 ac
2131 2569 2226 2605 probis
2244 2568 2383 2601 Homini-

1319 2601 1370 2631 bus
1386 2602 1415 2630 in
1430 2601 1535 2631 eisdem
1550 2601 1664 2641 Burgis,
1680 2602 1854 2632 Civitatibus
1864 2625 1875 2640 ,
1889 2603 1967 2634 Villis
1980 2604 2013 2634 &
2033 2604 2178 2636 Membris
2191 2609 2378 2648 eorumdem,

1317 2638 1354 2669 Et
1371 2640 1400 2669 in
1419 2638 1497 2669 Villis
1515 2639 1550 2669 de
1569 2640 1665 2670 Chard
1676 2664 1685 2678 ,
1708 2640 1843 2671 Chewton
1863 2642 1898 2672 &
1915 2643 2078 2673 Crewkerne
2094 2667 2104 2682 ,
2129 2654 2163 2675 ac
2194 2646 2224 2674 in
2245 2648 2380 2678 omnibus

1315 2677 1372 2708 aliis
1391 2676 1508 2716 Burgis,
1524 2677 1622 2717 Villis,
1639 2679 1985 2719 Villatis‚Hamlettis,&
2005 2682 2066 2711 aliis
2082 2683 2154 2713 locis
2168 2683 2199 2713 in
2215 2683 2298 2715 dieto
2314 2685 2379 2716 Co·

1319 2717 1419 2746 miratu
1441 2715 1589 2755 somerset,
1614 2717 1750 2748 Salutem.

2402 2186 2532 2222 somerset.

1352 2795 1388 2822 To
1409 2791 1439 2822 be
1463 2792 1581 2830 charged
1590 2794 1664 2823 with
1685 2805 1733 2824 one
1756 2794 1820 2834 Ship
1836 2794 1871 2833 of
1879 2794 1952 2833 eight
1977 2795 2104 2826 hundred
2120 2800 2189 2828 Tons
2204 2822 2214 2837 ,
2236 2799 2297 2829 and
2309 2800 2384 2831 three

1317 2830 1442 2900 llalurctzdrecli
1459 2839 1564 2872 twenty
1581 2835 1667 2871 Men,
1680 2833 1754 2863 with
1770 2833 1863 2863 double
1876 2837 2034 2875 Equipage,
2044 2839 2205 2877 Munition,
2214 2842 2307 2876 Wages
2322 2840 2386 2870 and

1346 2882 1355 2900 1
1387 2882 1423 2900 ua
1434 2881 1456 2899 s.

1355 2946 1438 2985 Rex,
1454 2948 1514 2979 &c.
1535 2948 1715 2980 Vicecomiti
1731 2948 1896 2980 Comitatus
1914 2950 2005 2980 nostri
2022 2951 2205 2983 Nerthumbr.
2424 2957 2491 2980 Nor-

1358 2985 1466 3024 Majori
1484 2988 1517 3018 &
1536 2986 1722 3026 Burgenlibus
1737 2988 1812 3018 Ville
1829 2991 1912 3018 Novi
1927 2988 2106 3030 Castrifhper
2124 2994 2227 3029 Tynam
2240 3014 2251 3030 ,
2274 3002 2309 3024 ac
2327 2993 2380 3025 Vi·
2396 2990 2498 3020 ‘humb-

1318 3026 1454 3057 cecorniti
1472 3024 1636 3056 Comitatus
1653 3027 1780 3063 ejusdem
1805 3026 1895 3065 Ville,

1355 3063 1464 3102 Majori
1477 3086 1486 3101 ,
1512 3063 1623 3094 Ballivis
1641 3066 1674 3096 ὃς
1693 3064 1877 3103 Burgensibus
1900 3064 1985 3103 Burgi
2004 3064 2041 3095 de
2061 3067 2183 3096 Berwico
2196 3065 2280 3106 super
2299 3072 2380 3100 Twe-

1314 3103 1380 3132 dam

1354 3123 1465 3169 Ballivis
1483 3139 1516 3169 &
1536 3138 1720 3177 Burgensibus
1739 3139 1813 3171 Ville
1830 3140 1866 3171 de
1885 3141 2072 3181 Morpeth,ac
2088 3143 2186 3180 probis
2200 3143 2380 3179 Hominibus

1314 3180 1344 3209 in
1362 3178 1468 3208 eisdem
1486 3177 1585 3214 Villis,
1600 3178 1701 3215 Burgis
1718 3180 1750 3210 ὃς
1772 3179 1918 3210 Membris
1933 3181 2119 3218 eorumdem,
2135 3182 2168 3212 ὃς
2183 3183 2211 3211 in
2227 3182 2378 3216 Comitatu

1313 3217 1438 3255 ejusdem
1452 3216 1528 3247 Ville
1547 3219 1628 3246 Novi
1645 3216 1734 3257 Castri
1742 3218 1825 3258 super
1845 3220 2009 3258 CIJynam,&
2028 3220 2057 3248 in
2078 3218 2155 3250 Villis
2173 3221 2209 3250 de
2225 3221 2377 3254 Alnewick

1315 3257 1348 3286 &
1368 3253 1516 3293 Hexham,
1535 3266 1568 3285 ac
1590 3257 1619 3285 in
1638 3257 1772 3286 omnibus
1788 3256 1847 3287 aliis
1867 3257 1961 3295 Villis,
1980 3257 2090 3296 Burgis,
2106 3258 2376 3297 Villatis,Hamlet-

1312 3295 1346 3324 tis
1352 3316 1362 3332 ,
1380 3294 1413 3325 &
1432 3293 1490 3324 aliis
1507 3295 1578 3324 locis
1595 3296 1625 3324 in
1643 3294 1723 3325 dieto
1742 3294 1892 3327 Comitatu
1911 3296 2095 3326 Nerthumbr.
2114 3296 2251 3329 Salutem.

1350 3373 1387 3401 To
1407 3370 1439 3400 be
1455 3369 1574 3408 charged
1589 3370 1662 3401 with
1681 3383 1699 3401 a
1716 3370 1780 3410 Ship
1797 3371 1833 3411 :ff
1843 3372 1919 3402 three
1936 3371 2060 3401 hundred
2068 3370 2188 3414 seventy
2204 3378 2274 3406 Tims
2287 3400 2296 3415 ,
2316 3378 2379 3409 and

1312 3420 1360 3440 one
1378 3409 1506 3439 hundred
1512 3409 1593 3448 forty
1611 3409 1682 3448 eight
1701 3414 1788 3450 Il1en,
1814 3412 1887 3441 with
1903 3410 1998 3441 double
2016 3412 2156 3450 Equipage
2168 3436 2180 3451 ,
2207 3417 2349 3447 Munmon
2363 3440 2374 3456 ,

1311 3453 1405 3486 Wages
1424 3448 1484 3478 and
1499 3451 1525 3478 V
1528 3449 1634 3479 reluals.

1349 3525 1431 3563 Rex,
1448 3527 1509 3557 &c-
1528 3524 1703 3556 Vicecomiti
1724 3525 1888 3556 Comitatus
1908 3525 1996 3556 nostri
2014 3529 2136 3565 Wigorn.

1349 3565 1368 3583 ’¹‘
1388 3564 1513 3603 Majori,
1533 3563 1730 3595 Aldermannis
1752 3566 1784 3595 ὅτ
1801 3563 1921 3594 Civibus
1942 3564 2074 3611 Civitatis
2088 3566 2183 3598 nostre
2200 3571 2321 3605 Wigorn.
2337 3570 2368 3601 in

1312 3603 1465 3634 Comitatu
1484 3602 1614 3634 Civitatis
1631 3606 1751 3639 Wigorn.
1771 3612 1804 3632 ac
1821 3602 1847 3632 V
1851 3604 2000 3634 icecomiti
2016 3604 2141 3641 ejusdem
2167 3605 2313 3646 Civitatis,

1350 3641 1476 3679 Ballivis,
1495 3641 1692 3672 Aldermannis
1716 3642 1749 3671 &
1773 3640 1959 3680 Burgenfibus
1988 3641 2073 3682 Burgi
2100 3644 2137 3674 de
2157 3644 2294 3683 Evefham
2307 3669 2319 3685 ,
2341 3648 2372 3677 in

1313 3679 1466 3711 Comitatu
1491 3681 1615 3717 Wigorn.
1817 3718 1822 3723 ι

1349 3718 1458 3749 Ballivis
1476 3719 1510 3749 &
1528 3717 1713 3757 Burgenfibus
1736 3715 1823 3754 Burgi
1846 3717 1883 3748 de
1898 3717 2048 3758 Bewdley,
2072 3721 2102 3750 in
2133 3719 2286 3753 Comitatu
2311 3727 2373 3754 Wi-

1327 3768 1385 3788 orn.

1307 3769 1326 3796 g
1352 3796 1464 3826 Ballivis
1481 3795 1516 3825 &
1536 3794 1722 3831 Burgensibus
1750 3792 1833 3832 Burgi
1857 3793 1894 3825 de
1921 3794 2042 3834 Wichio,
2061 3795 2125 3826 alias
2144 3799 2308 3838 Droytwich
2341 3801 2370 3829 in

1315 3834 1466 3865 Comitatu
1487 3834 1530 3862 W
1531 3838 1612 3869 igorn.
1624 3842 1656 3862 ac
1676 3832 1771 3870 probis
1786 3833 1963 3864 Hominibus
1977 3836 2004 3877 in
2020 3833 2123 3877 eisdem
2143 3835 2284 3876 Civitate,
2303 3823 2370 3880 Bur-

1312 3874 1353 3911 gis
1368 3874 1400 3904 &
1427 3871 1570 3901 Membris
1582 3870 1768 3909 eorumdem,
1789 3873 1822 3902 &
1841 3873 1869 3902 in
1891 3872 2043 3903 Comitatu
2064 3873 2186 3910 ejusdem
2207 3875 2341 3906 Civitatis
2354 3898 2365 3912 ‚

1313 3921 1347 3941 ac
1366 3921 1394 3940 in
1424 3909 1503 3938 Villis
1531 3909 1564 3938 &
1592 3908 1692 3947 Burgis
1717 3909 1752 3938 de
1777 3911 2019 3949 Keddermiuster,
2046 3914 2238 3950 Bromesgrove
2257 3938 2264 3950 ,
2296 3914 2368 3941 Par-

1304 3948 1402 3988 Jhore,
1414 3947 1570 3983 Sturbridge
1586 3947 1619 3977 &
1636 3947 1806 3985 Malverne‚
1819 3958 1851 3978 ac
1868 3951 1896 3978 in
1910 3950 2045 3979 omnibus
2062 3951 2119 3978 aliis
2140 3951 2254 3987 Burgis,
2271 3950 2370 3990 Villis,

1315 3986 1438 4024 villatis,
1451 3984 1626 4024 Hamlettis,
1649 3986 1682 4018 &
1698 3987 1757 4017 aliis
1772 3988 1843 4017 locis
1865 3989 1895 4018 in
1911 3988 1992 4018 dicto
2019 3987 2173 4018 Comitatu
2187 3992 2304 4024 Wzgorn.
2320 3989 2372 4019 Sa-

1316 4025 1416 4056 lutem.

2385 3548 2422 3572 W
2423 3546 2503 3580 ὶςζονη.

2406 3589 2420 3602 *
2432 3585 2500 3611 XX·

2426 3622 2473 3650 66.

1797 4100 1856 4130 1²2
2345 4105 2383 4134 Te
