2561 4263
181 198 259 230 Ann.
268 199 313 230 D.

201 241 287 278 1639.

175 287 231 304 «tn.
251 287 292 313 15.

174 318 238 344 Car.
262 326 287 347 ι,

212 432 271 456 Pars

164 467 278 501 secunda
286 486 294 498 ,

173 510 223 532 No.
242 515 268 542 3.

207 698 269 721 Pars

169 734 257 768 prima
266 753 274 764 ‚

169 776 219 799 No.
235 782 263 806 4.

167 900 262 929 Ibidem
271 920 279 933 ,

167 945 216 968 No.
236 950 261 974 7.

187 1056 283 1082 ”XX-

187 1136 247 1159 Pars
259 1133 301 1169 se-

166 1172 267 1202 cunda,

169 1214 218 1237 No.
240 1219 267 1237 2.

204 1326 266 1349 Pars

173 1368 268 1397 quarn¹
277 1380 284 1393 ‚

168 1403 217 1426 No.
238 1409 263 1435 7.

203 1592 264 1617 Pars

166 1637 230 1654 nona
241 1648 248 1659 ,

183 1670 233 1695 No.
255 1674 265 1692 1
272 1685 278 1694 .

167 1796 230 1822 Pan
239 1791 281 1827 [ἒ-

166 1830 260 1861 cunda,

165 1875 216 1899 No.
230 1870 259 1897 6.

202 2112 268 2137 Pars

168 2157 231 2175 nona
244 2169 254 2185 3

163 2193 219 2218 No.
236 2196 266 2222 4·

168 2302 229 2327 Pars
242 2299 286 2325 vi-

170 2336 259 2373 cesima
269 2358 275 2368 ,

167 2379 218 2403 No.
235 2375 261 2403 8.

165 2498 260 2527 Ibidem
270 2520 277 2532 ,

167 2542 202 2566 N.
226 2547 235 2565 1
242 2548 267 2565 2.

202 2781 263 2805 Pars

164 2816 289 2852 secunda,

170 2858 218 2883 ΝΟ·
238 2863 283 2890 35·

204 3009 266 3033 Pars

169 3054 249 3075 norm,

172 3087 222 3111 No.
239 3083 267 3110 6.

175 3215 269 3244 Ibidem
282 3237 290 3248 ,

177 3259 229 3284 No.
248 3264 274 3283 2.

179 3405 274 3434 Ibidem
285 3427 293 3438 ‚

177 3449 228 3473 No.
247 3453 276 3479 5.

217 3605 278 3630 Pars

181 3640 310 3676 vicefima,

183 3681 232 3705 No.
248 3688 276 3714 9.

201 3831 261 3854 Pars
276 3829 318 3855 vi-

183 3865 271 3901 cesima

183 3912 268 3942 prima
277 3924 284 3934 ‚

184 3948 233 3970 No.
258 3943 299 3971 16.

890 120 1003 160 ET
1087 121 1356 165 ACTA

330 216 443 244 rarum,
461 204 642 241 reddituum,
661 203 839 236 servitiorum
857 205 890 236 &
913 206 1034 237 aliorum
1061 215 1310 247 tenementorum,
1349 208 1387 239 os

328 246 479 276 seffionum
496 244 530 274 &
548 241 838 273 hereditamentorum
853 243 958 284 Regis,
982 246 1013 276 in
1021 244 1215 277 Comitatibus
1234 218 1391 286 Nortjflc’,

327 281 557 320 Huntington'&
572 281 710 319 Norwic',
729 281 764 311 ad
779 282 857 312 vitas.
1269 323 1294 353 P
1321 322 1342 352 S

697 397 752 425 Pro
770 395 871 426 Thema
887 395 1016 437 Jermyn.

360 430 443 473 Rex,
461 432 587 464 secundo
609 433 655 464 die
672 436 795 472 Martii,
816 437 950 466 concedit
966 436 1063 466 Thome
1082 436 1220 476 Jermyn,
1241 437 1385 468 Officium

323 472 433 503 Clerici
443 472 644 502 liberationum
660 480 718 502 tam
727 473 916 510 Spiritualium
933 485 1016 512 quam
1031 476 1224 515 generalium,
1240 478 1284 507 Ac
1299 479 1383 507 etiam

321 510 460 540 concedit
476 513 594 540 Henrico
610 511 729 548 Jermyn
746 510 936 543 reverfionem
956 514 1074 550 predicti
1097 513 1207 553 Offici,
1226 515 1290 554 post
1307 525 1385 546 mor-

322 557 383 579 tem
399 549 530 587 praedicti
543 549 650 578 Thomae
665 549 699 579 ad
715 548 812 580 vitam.

660 666 713 694 Pro
730 665 876 695 Edwardo
895 667 1040 697 Littleton.

356 702 440 742 Rex,
457 703 574 734 decimo
588 701 695 733 oetavo
711 703 756 733 die
772 704 932 742 Januttrit',
953 706 1100 736 constituit
1114 705 1289 735 Edwardum
1306 706 1386 733 Litt-

321 742 394 772 leton
410 742 533 772 militem
543 764 553 780 ,
572 741 634 772 fore
649 741 828 773 Servientcm
840 744 875 774 ad
890 745 990 783 legem.

1162 783 1216 810 Per
1239 783 1348 818 Regem.

758 859 812 887 Pro
833 858 931 887 eodem.

355 895 440 933 Rex,
457 895 600 928 vicefimo
611 898 731 936 septimo
747 894 1110 933 dieJanuarii‚constituit
1122 895 1294 925 Edwardum
1306 898 1387 925 Litt—

317 934 390 965 leton
407 934 546 973 militem,
568 934 934 975 CapitalemJusticiarium
950 934 986 964 de
1000 936 1155 963 communi
1173 934 1280 1001 sslincciz’

1213 983 1241 1001 er
1284 983 1364 1009 egem.

677 1051 696 1070 ’¹‘
714 1052 767 1078 Pro
785 1047 916 1086 Jolmnne
934 1050 1021 1085 Loup.

358 1088 438 1127 Rex,
456 1089 591 1120 vicefimo
614 1099 715 1127 quarto
738 1088 783 1117 die
799 1087 957 1124 Februarii,
977 1086 1114 1116 concedit
1132 1086 1265 1125 Johanni
1289 1090 1385 1125 Loflp,

319 1127 462 1158 Officium
478 1128 585 1157 Clerici
601 1130 758 1158 Armorum
769 1147 777 1162 ,
796 1133 855 1155 tam
869 1124 939 1167 infra
963 1126 1062 1154 turrim
1078 1125 1214 1163 London,
1239 1136 1325 1164 quani
1342 1128 1385 1156 iu—

319 1167 360 1196 fra
377 1165 542 1196 Manerium
559 1165 594 1195 de
610 1163 787 1200 Grcenwich,
807 1163 841 1194 ad
861 1173 958 1194 Vitam.
1263 1202 1288 1232 P
1317 1202 1336 1232 S

712 1281 767 1308 Pro
785 1278 879 1309 Carolo
897 1278 994 1318 Lloyd.

352 1317 418 1348 The
435 1316 533 1356 King,
552 1317 601 1348 the
618 1316 674 1347 first
692 1317 744 1356 day
765 1319 801 1347 of
817 1321 917 1355 April,
937 1318 1068 1355 grantetli
1088 1326 1119 1348 to
1143 1318 1256 1348 charles
1278 1318 1385 1357 Llofll,

317 1356 364 1386 the
380 1356 480 1387 Office
496 1358 531 1386 of
542 1357 622 1386 chief
630 1356 773 1394 Engineer
789 1356 826 1386 of
844 1357 879 1386 all
897 1356 940 1385 his
957 1356 1102 1395 Majesty’s
1117 1356 1285 1393 Garril'ons,
1305 1357 1385 1387 bort>-

315 1395 369 1425 and
379 1394 573 1462 Blockhouses
586 1395 687 1427 within
706 1395 755 1426 the
770 1393 924 1434 Kingdom
940 1395 976 1425 of
987 1395 1122 1431 Englaml
1137 1396 1193 1425 and
1212 1396 1380 1425 Dominion

317 1433 353 1464 Of
365 1435 419 1463 Wa
431 1445 466 1463 es.

606 1552 661 1579 Pro
678 1549 794 1578 Roberto
815 1551 918 1578 Comite
937 1548 1066 1588 Lindsey.

353 1587 435 1624 Rex,
453 1587 594 1617 tricesimo
610 1588 656 1617 die
672 1589 762 1625 Maii,
781 1587 916 1618 concedit
931 1587 1045 1616 Roberto
1056 1586 1167 1617 Comiti
1183 1587 1300 1626 Lindsby
1310 1610 1318 1624 ,
1328 1586 1386 1617 Of-

318 1625 415 1657 ficium
433 1625 642 1656 Gubernatoris
658 1625 730 1656 Ville
746 1628 868 1655 Berwici
877 1624 960 1664 fizper
974 1626 1121 1664 Twedam,
1140 1624 1174 1655 ad
1189 1626 1339 1663 placitum.

1265 1675 1299 1706 P.
1318 1674 1346 1706 S.

595 1752 650 1780 Pro
668 1750 802 1781 Adriano
822 1749 959 1790 Metcalfe
976 1750 1014 1786 ὠ
1033 1750 1097 1781 alio.

356 1790 427 1821 The
442 1789 540 1829 King,
561 1789 608 1819 the
629 1789 744 1819 sevenrh
761 1790 815 1828 day
837 1790 874 1819 of
884 1789 1034 1828 January,
1059 1790 1188 1829 granted]
1214 1798 1246 1820 to
1267 1791 1383 1820 Adrian

320 1828 455 1868 Metcalfe
469 1830 525 1859 and
541 1831 654 1857 Francis
670 1827 821 1866 Metcalfe‚
841 1828 892 1858 the
908 1828 1009 1858 Office
1028 1830 1060 1858 ol*
1077 1830 1197 1866 making
1219 1829 1275 1859 and
1298 1840 1381 1860 com-

317 1868 465 1906 pounding
477 1868 524 1897 the
542 1866 708 1903 Perfumes,
727 1867 810 1896 sweet
829 1866 961 1904 Waoers,
979 1868 1034 1897 and
1053 1867 1138 1898 sweet
1154 1868 1308 1906 Powders,
1328 1868 1383 1899 and

316 1907 443 1946 granteth
457 1905 512 1936 also
526 1913 558 1936 to
572 1905 624 1936 the
640 1905 695 1935 said
716 1907 828 1935 Francis
849 1903 987 1944 Metcaffe
1007 1906 1055 1937 the
1074 1906 1173 1937 Office
1193 1906 1230 1937 of
1250 1908 1385 1944 Apothe-

317 1954 391 1985 cary.
1268 1982 1292 2013 P
1319 1983 1338 2014 S

605 2062 660 2090 Pro
677 2059 779 2091 Thoma
797 2058 937 2100 Marfhall
953 2060 991 2096 &⁴
1011 2060 1084 2091 aliis.

354 2097 438 2137 Rex,
457 2106 556 2138 quarto
568 2099 613 2130 die
629 2102 723 2139 Maii,
740 2101 875 2131 concedit
893 2101 990 2130 Thome
1007 2098 1149 2137 Marshall
1162 2100 1195 2133 &
1211 2101 1288 2140 alii-5,
1307 2101 1386 2132 Offi-

320 2138 363 2169 cia
379 2138 580 2169 Scrutatorum
594 2139 624 2168 in
641 2138 732 2170 Portu
748 2138 824 2171 Ville
839 2138 969 2177 Cicestriae
988 2139 1023 2169 ad
1038 2140 1116 2170 vitas.
1263 2179 1289 2210 P
1318 2179 1338 2210 S

575 2256 631 2285 Pro
647 2257 764 2284 Henrico
784 2258 901 2286 Domino
921 2254 1111 2286 Maltravers.

357 2292 442 2330 Rex,
457 2293 550 2330 primo
569 2294 616 2324 die
630 2292 717 2330 Julit',
737 2295 872 2324 concedit
889 2295 1006 2323 Henrico
1030 2294 1167 2324 Domino
1190 2294 1376 2326 Maltravers

319 2331 465 2363 Officium
481 2332 604 2362 Comitis
620 2331 779 2362 Marescalli
793 2332 916 2371 Anglie,
934 2332 969 2364 ad
983 2333 1072 2364 vitam
1089 2334 1118 2362 in
1132 2334 1300 2365 reverlione.

1265 2381 1300 2412 P.
1317 2382 1346 2413 S.

387 2474 427 2493 ’,η
655 2458 710 2485 Pro
730 2457 773 2485 W
773 2455 882 2486 illielmo
903 2459 1034 2494 Morgan.

354 2492 441 2533 Rex,
459 2494 597 2525 vicefimo
619 2504 699 2525 nono
725 2496 769 2525 die
794 2498 915 2532 Martii,
933 2496 1068 2526 concedit
1091 2495 1240 2526 lVillielmo
1264 2500 1383 2536 Margan

318 2531 474 2572 Armigero
484 2555 493 2570 ,
504 2532 650 2562 Officium
666 2533 859 2563 Sollicitatoris
872 2533 962 2572 Regis
976 2535 1046 2565 infra
1055 2535 1276 2572 Principalitates
1287 2537 1386 2566 South-

318 2570 421 2601 walliae
444 2571 478 2602 &
504 2570 727 2607 Nortbwalliae,
752 2572 786 2600 &
814 2572 886 2601 infra
914 2573 1079 2603 Comitatus
1103 2574 1204 2612 Salop,
1230 2574 1384 2614 Hercjford,

316 2608 484 2650 Glaucestriae
494 2631 504 2648 2
522 2609 658 2647 Wigorn',
675 2611 707 2640 ὀί
724 2608 867 2640 Marchias
885 2609 1002 2649 Wallie,
1022 2612 1139 2643 durante
1157 2612 1221 2644 vita.

1264 2659 1297 2691 P.
1314 2660 1343 2691 S.

681 2737 735 2764 Pro
753 2734 857 2765 Thema
873 2735 1004 2766 Osborne.

358 2775 439 2812 Rex,
464 2774 646 2805 duodecimo
667 2773 712 2802 die
730 2777 847 2811 Martii,
867 2775 1004 2805 concedit
1026 2774 1125 2805 Tbome
1146 2776 1286 2814 Osborne,
1307 2775 1386 2806 Offi-

319 2814 398 2845 cium
422 2813 570 2852 Capitanei
594 2814 628 2844 ὅ(
647 2811 783 2842 Custodis
809 2812 903 2843 Castri
915 2813 998 2852 juxta
1020 2813 1185 2853 cbatbam,
1208 2816 1342 2854 quamdiu
1361 2815 1386 2846 se

319 2854 393 2883 bene
410 2853 531 2892 gesserit.
1264 2890 1288 2921 P
1317 2891 1336 2922 S

674 2970 728 2997 Pro
746 2966 875 3005 Johanne
893 2968 1026 2998 Osborne.

358 3003 575 3042 Rex,decimo
598 3004 675 3036 sexto
699 3007 742 3035 die
767 3005 877 3044 Aprilis
892 3028 902 3043 ,
927 3007 1062 3037 concedit
1088 3006 1220 3044 Johanni
1245 3008 1385 3046 Osbome,

322 3042 465 3075 Officium
479 3042 726 3074 Rememoratoris
741 3043 917 3074 Thesaurarii
933 3044 1076 3075 Scaccarii
1089 3045 1194 3084 nostri,
1213 3046 1248 3077 ad
1267 3048 1365 3077 vitam.

1266 3094 1300 3125 P.
1319 3095 1348 3124 S.

697 3170 752 3197 Pro
771 3169 882 3204 Georgia
900 3168 1014 3197 Packer.

363 3207 432 3238 Rex
465 3206 584 3238 decimo
601 3207 702 3244 quinto
719 3206 764 3236 die
779 3208 871 3245 Maii,
890 3205 1025 3236 concedit
1040 3210 1152 3245 Georgia
1167 3209 1289 3246 Pasker,
1307 3208 1385 3240 Offi-

327 3246 408 3276 cium
421 3228 528 3277 Clerici
543 3244 664 3275 Consilii
679 3244 777 3275 Curiae
793 3244 1043 3283 Requifitionum,
1059 3246 1207 3278 ad-vitatn.
1268 3285 1293 3316 P
1320 3285 1340 3317 S

691 3361 745 3390 Pro
762 3359 885 3390 Samuele
904 3360 1018 3396 Pynder.

365 3400 447 3438 Rex,
466 3398 621 3430 undecimo
635 3399 680 3430 die
693 3398 794 3437 Junii,
813 3399 948 3429 concedit
961 3398 1079 3430 samueli
1097 3399 1220 3437 Pynder,
1240 3400 1384 3432 Officium

328 3438 436 3470 Clerici
451 3437 645 3476 Garderobae,
664 3438 818 3469 Robarum
832 3439 865 3469 &
882 3437 1059 3476 Lectorum,
1079 3438 1113 3468 ad
1130 3448 1229 3470 vitam.
1269 3477 1293 3507 P
1321 3478 1341 3509 S

697 3555 753 3583 Pro
770 3555 882 3590 Georgia
901 3554 1014 3583 Packer.

368 3593 453 3630 Rex,
472 3589 610 3622 vicesimo
625 3600 707 3620 nono
721 3592 767 3622 die
786 3592 890 3631 Junii‚
908 3592 1043 3623 concedit
1060 3594 1171 3629 Georgia
1192 3593 1315 3631 Packer,
1331 3593 1389 3624 Of-

333 3631 431 3700 ficiiiim
452 3630 535 3661 unius
552 3628 735 3659 elericorum
748 3629 853 3662 Privati
869 3630 960 3671 Sigilli
974 3630 1078 3670 Regis,
1095 3632 1213 3663 durante
1228 3632 1288 3664 vita
1302 3634 1330 3663 in
1346 3643 1391 3664 re-

335 3680 383 3701 ver
397 3679 472 3700 ione.

629 3785 685 3812 Pro
702 3784 820 3812 Henrico
839 3783 950 3814 Palmer
968 3784 1006 3820 ὠ
1025 3785 1097 3816 aliis.

341 3936 409 3967 sure.

1284 3978 1317 4009 P.
1335 3976 1363 4007 S.

387 4052 462 4080 Tem.
479 4052 535 4080 IX.
556 4053 589 4080 P.
604 4054 647 4081 ΙΙ.

1440 122 1921 166 PUBLICA.

1803 211 1859 239 Pro
1877 209 2021 240 Ed-wardo
2040 212 2127 241 Reve.

2419 143 2501 183 249

2519 206 2561 238 An

1469 245 1550 285 Rex,
1568 245 1706 291 vicesimo
1721 255 1821 285 quarto
1837 247 1882 279 die
1899 250 2022 287 Martii,
2041 247 2188 292 constituit
2207 247 2380 280 Edwardum
2395 254 2490 293 Reve,
2539 256 2561 276 ¹¹

1431 294 1522 315 unum
1535 285 1765 323 Justrcranorum
1780 286 1870 326 Regis
1885 286 1921 317 de
1934 286 2030 318 Banco
2041 310 2051 326 ,
2069 286 2203 328 quamdiu
2223 287 2367 324 placuerit.
2511 288 2561 314 An.

2276 328 2329 355 Per
2345 330 2451 365 Regem.
2511 327 2561 389 Cal}

1782 403 1837 431 Pro
1854 402 1993 440 Franclfio
2011 405 2114 441 Rymes.
2504 400 2561 435 viui

1456 437 1525 468 The
1540 438 1640 477 King,
1659 439 1708 470 the
1722 439 1835 470 twelfth
1852 440 1906 479 day
1923 441 1959 470 of
1969 440 2059 480 July,
2075 441 2204 480 granteth
2221 449 2252 471 to
2261 443 2482 482 Francis-Rymes,
2505 440 2552 466 No,

1419 476 1467 506 the
1482 476 1581 507 Office
1596 479 1631 507 of
1634 478 1793 517 Surveying
1809 477 1846 508 of
1856 477 2019 509 Gamesters
2036 479 2113 517 using
2129 481 2178 510 the
2196 479 2318 509 exercise
2325 479 2362 509 of
2369 480 2480 511 Wrest-
2519 478 2538 500 P
2539 485 2561 501 ³¹

1420 511 1478 552 ling
1498 515 1527 544 in
1548 526 1600 555 any
1618 516 1697 553 place
1717 526 1750 545 or
1769 517 1861 555 places
1880 517 1982 547 within
2006 517 2056 548 the
2075 517 2206 555 compass
2226 517 2283 548 and
2301 518 2429 549 distance
2447 519 2484 549 of
2499 512 2561 547 “fin

1420 552 1604 629 &rffiaalhles
1620 554 1655 585 of
1668 555 1715 585 the
1735 553 1803 594 City
1813 554 1978 591 ,ofLondon
1990 579 2000 593 ,
2020 556 2066 586 for
2081 557 2128 587 the
2143 565 2217 587 term
2231 555 2270 586 of
2282 566 2338 586 one
2351 557 2405 586 and
2421 557 2481 587 for-
2501 551 2561 615 Ῑζῖἱη

2365 631 2399 664 Ρ.
2415 632 2447 665 8.

1774 708 1830 737 Pro
1846 708 1976 739 Arthuro
1998 709 2111 749 Squs'bb.

1459 741 1544 786 Rex,
1569 742 1707 787 vicesimo
1728 753 1808 775 nono
1827 745 1872 776 die
1892 748 2042 786 Januarii,
2062 747 2197 779 concedit
2218 747 2349 779 Arthuro
2366 748 2485 791 Squibb,
2547 751 2561 774 Ι

1422 778 1567 811 Officium
1583 792 1665 813 umus
1679 790 1796 820 quatuor
1811 783 1846 814 N
1849 793 2042 817 umeratorum
2055 787 2199 818 Scaccarii
2213 788 2248 818 ad
2262 788 2388 857 vitam.P
2415 825 2436 857 S
2499 785 2558 851 {GU-¹

2391 850 2397 856 .
2438 847 2445 856 ,
2532 834 2553 852 0.

1677 934 1682 940 .
1743 933 1747 936 γ
1779 899 1834 927 Pro
1853 897 1989 936 Johanne
2006 902 2112 938 Speede.

1458 933 1542 973 Rex,
1561 944 1640 965 nono
1654 933 1700 966 die
1715 936 1901 975 Novembris,
1920 940 2056 970 concedit
2069 940 2300 978 Jobannispeede
2311 964 2319 979 ‚
2339 941 2485 972 Officium
2544 941 2561 964 Γ

1418 973 1451 1002 ὃς
1466 972 1565 1015 locum
1586 974 1751 1004 Preleetoris
1767 974 1786 992 ²*
1804 973 1910 1013 Regis,
1929 978 1959 1006 in
1975 976 2101 1008 Scientii
2119 979 2150 1008 δε
2169 979 2309 1010 Facultate
2319 980 2486 1010 Medicina·
2506 977 2561 1011 vice

1422 1011 1438 1039 li
1450 1034 1458 1048 ‚
1470 1012 1508 1053 „ad
1529 1014 1608 1041 ulum
1624 1013 1657 1042 &
1676 1012 1843 1050 profeitum
1860 1014 2023 1050 Juventutis
2036 1016 2220 1055 Anglicanae,
2239 1019 2267 1047 in
2283 1019 2358 1049 alma
2375 1019 2488 1050 Acade·
2500 1015 2561 1050 [ω’

1422 1059 1481 1079 τωο.
1496 1050 1644 1090 oxonienst
1652 1073 1662 1088 ,
1682 1051 1803 1082 durante
1818 1052 1876 1083 vita
1894 1053 1923 1082 in
1938 1054 2106 1085 reverlione.
2509 1056 2556 1081 No.

1674 1105 1678 1108 ·
2367 1095 2402 1126 P.
2421 1095 2450 1127 S.
2507 1094 2525 1108 ⁴
2554 1093 2561 1117 ἶ

1795 1169 1850 1196 Pro
1867 1167 1986 1206 Joftpho
2003 1169 2108 1208 Taylor.
2545 1149 2556 1165 2

1456 1202 1523 1234 The
1541 1203 1643 1242 King,
1661 1205 1710 1236 the
1726 1205 1855 1236 eleventh
1873 1207 1924 1245 day
1939 1208 1976 1236 of
1990 1208 2161 1246 November,
2181 1211 2308 1249 granteth
2332 1219 2363 1241 to
2378 1209 2484 1252 Joseph
2528 1208 2561 1248 ,Γ

1418 1242 1535 1280 Τηίων,
1555 1243 1602 1273 the
1617 1243 1717 1275 Office
1731 1244 1768 1274 of
1778 1244 1910 1274 Yeoman
1926 1254 1958 1274 or
1976 1244 2088 1284 Keeper
2107 1248 2143 1277 of
2161 1249 2203 1277 his
2220 1249 2362 1285 Maiesties
2379 1251 2484 1281 Vestu-
2504 1253 2561 1279 «0ch

1420 1292 1461 1310 res
1474 1292 1506 1310 or
1527 1282 1666 1320 Apparel,
1686 1283 1723 1313 of
1740 1283 1774 1313 all
1800 1283 1843 1314 his
1861 1282 1978 1321 Masks,
1996 1283 2102 1317 Revels
2124 1286 2177 1316 and
2199 1286 2359 1326 Disguises,
2378 1288 2482 1328 during
2503 1283 2561 1307 ‘ml'

1421 1320 1462 1349 lii>
1479 1319 1524 1349 life
1539 1321 1567 1351 in
1585 1322 1737 1352 reverlion.
2503 1323 2553 1347 No.

2362 1364 2397 1395 P.
2414 1365 2449 1396 S.

1737 1439 1791 1467 Pro
1809 1440 1925 1468 Herzrico
1944 1441 2017 1468 Vane
2035 1439 2138 1469 Milite.
2153 1442 2157 1448 ’

1444 1473 1543 1516 ¹Rex,
1560 1475 1637 1505 (exio
1654 1475 1698 1505 die
1718 1477 1876 1514 Februarii,
1895 1478 2031 1508 concedit
2056 1481 2173 1508 Henrico
2195 1480 2268 1509 Vane
2290 1478 2390 1518 militi,
2408 1479 2486 1511 Offi-
2539 1481 2561 1506 P<

1423 1521 1500 1541 cium
1517 1514 1599 1543 unius
1614 1513 1837 1545 Secretariorum
1852 1515 2054 1552 primariorum
2069 1516 2104 1547 ad
2118 1517 2214 1549 vitam.
2364 1555 2389 1586 P
2418 1555 2438 1586 S
2497 1516 2561 1582 {eim

2391 1579 2398 1585 .
2442 1578 2449 1585 .
2530 1565 2551 1582 0·

1688 1627 1911 1670 Prquillielmo
1932 1629 2056 1660 ll'heeler
2071 1630 2109 1665 ὠ
2126 1631 2197 1660 αἶὶἰς.

1457 1665 1526 1696 The
1547 1666 1648 1704 King,
1671 1666 1719 1697 the
1739 1666 1808 1696 iixth
1829 1667 1863 1696 da
1901 1669 1938 1698 of
1957 1669 2110 1709 February,
2139 1669 2268 1706 granteth
2294 1676 2326 1700 to
2355 1670 2485 1700 William
2522 1668 2561 1695 Ῑόῐ

1422 1704 1547 1735 Wheeler
1560 1705 1615 1736 and
1625 1705 1737 1742 others,
1755 1705 1802 1735 the
1813 1676 1912 1736 Offiyce
1927 1708 1963 1737 of
1974 1707 2168 1745 Comptroller
2182 1708 2219 1739 of
2229 1708 2278 1739 the
2294 1707 2390 1746 Mint,
2403 1710 2488 1739 with·
2506 1711 2554 1735 No.

1422 1745 1449 1773 in
1465 1744 1513 1774 the
1525 1746 1622 1774 Tower
1637 1744 1673 1774 of
1683 1744 1817 1782 London,
1837 1744 1892 1775 and
1902 1746 2004 1777 within
2019 1747 2068 1778 the
2086 1745 2196 1778 Manor
2210 1747 2247 1777 of
2257 1747 2421 1778 Greenwich
2436 1748 2484 1779 for

1420 1782 1479 1812 life.

2367 1824 2401 1855 P.
2419 1824 2450 1855 S.

1786 1901 1840 1928 Pro
1859 1901 1958 1936 Rogero
1976 1903 2018 1930 W
2020 1904 2120 1938 irxgate.

1458 1933 1540 1973 Rex,
1558 1936 1634 1967 sexto
1650 1936 1695 1967 die
1717 1937 1851 1977 Augusti,
1879 1940 2015 1969 concedit
2039 1942 2136 1976 Rogero
2153 1939 2288 1977 lVingate
2306 1940 2460 1980 Armigero
2472 1963 2482 1979 ,
2540 1950 2560 1973 P

1423 1972 1569 2017 Officium
1587 1976 1765 2007 Thesaurarii
1780 1977 1886 2015 Regis,
1902 1978 1972 2009 infra
1986 1979 2148 2009 dominium
2164 1978 2199 2009 de
2214 1981 2242 2008 V
2243 1982 2345 2016 irgim'a
2350 2002 2361 2018 ,
2379 1982 2484 2010 duran·
2501 1987 2561 2024 vice,

1420 2019 1448 2042 te
1469 2021 1534 2043 Vita.
2502 2027 2560 2050 terti

2364 2055 2399 2087 P.
2417 2055 2446 2086 S.
2503 2065 2554 2090 No.

1431 2195 1660 2240 Presentationes
1681 2195 1718 2229 de
1744 2197 1834 2230 Anno
1858 2199 1953 2242 Regni
1975 2199 2062 2244 Regis
2090 2195 2198 2230 Caroli
2219 2196 2330 2231 decimo
2353 2201 2469 2244 quinto,

1420 2283 1785 2336 HJILLIELMUS
1806 2281 1926 2322 Ogst0n‚
1943 2281 1973 2312 S.
1991 2282 2031 2312 T.
2053 2282 2085 2313 P.
2110 2282 2199 2313 habet
2228 2283 2337 2314 Literas
2358 2282 2490 2314 Parentes
2507 2287 2561 2318 Am

1499 2322 1535 2351 de
1554 2321 1759 2358 presentatione
1774 2320 1807 2351 ad
1826 2322 1968 2351 vicariam
1991 2330 2156 2359 perpetuam
2175 2321 2299 2353 Eccleiie
2319 2322 2490 2353 Parochialis
2529 2327 2561 2356 16

1419 2357 1454 2389 de
1469 2358 1624 2397 Somersord
1636 2362 1762 2396 Kames,
1782 2360 1915 2389 Diocefis
1930 2363 2044 2397 Sarum,
2064 2369 2112 2397 per
2129 2366 2255 2391 mortem
2272 2360 2427 2392 naturalem
2443 2361 2487 2391 ul-
2506 2369 2556 2393 Pat

1420 2398 1482 2427 timi
1498 2398 1695 2428 lncumbentis
1708 2397 1833 2436 ejusdem
1844 2399 1905 2436 jam
1921 2406 2087 2436 vacantem,
2108 2398 2141 2428 &
2155 2399 2188 2428 ad
2203 2398 2330 2429 nostram
2345 2398 2487 2439 presenta-
2506 2407 2561 2431 Car

1420 2436 1530 2467 tionem
1547 2438 1656 2467 ratione
1671 2437 1789 2467 minoris
1805 2438 1884 2467 etatis
2005 2439 2122 2473 Strange
2142 2447 2194 2474 pro
2207 2438 2262 2469 hac
2278 2439 2344 2468 vice
2360 2438 2489 2476 speetan-
2505 2448 2532 2479 p.
2555 2452 2561 2468 ι

1420 2482 1497 2513 tem,
1516 2474 1553 2505 Et
1568 2475 1728 2515 diriguntur
1743 2476 1779 2505 he
1795 2474 1890 2505 Litete
1908 2474 2044 2506 Patentes
2064 2475 2237 2505 Reverendo
2251 2478 2279 2506 in
2297 2475 2416 2506 Christo
2433 2475 2489 2507 Pa·
2508 2490 2534 2509 a.
2556 2489 2561 2517 ξ

1420 2514 1455 2544 tri
1472 2524 1505 2544 ac
1521 2512 1658 2543 Domino
1671 2513 1819 2552 Jobanm',
1839 2513 2020 2551 permissione
2036 2513 2135 2544 divina
2151 2517 2251 2544 Sarum
2267 2515 2421 2554 Episcopo.

1460 2551 1550 2583 Teste
1567 2552 1649 2590 Rege
1658 2552 1732 2590 apud
1742 2551 1998 2592 westmonasterium
2007 2573 2016 2589 2
2035 2553 2143 2582 octavo
2157 2553 2204 2583 die
2218 2553 2367 2592 Januarii.

1901 2630 1955 2657 Per
1973 2631 2068 2658 Breve
2087 2628 2120 2658 de
2139 2630 2261 2660 Privato
2277 2630 2383 2669 Sigillo.

1544 2704 1694 2745 consimiles·
1712 2707 1825 2735 Literas
1844 2707 1977 2735 Potentes·
1995 2705 2027 2734 de
2042 2704 2240 2743 presentatione
2257 2706 2361 2738 habent

1796 2744 1920 2784 Persbnae
1932 2744 2100 2783 Jizbftriptae.

1460 2821 1572 2851 Thomas
1587 2821 1689 2859 South‚
1709 2820 1858 2859 Clericus,
1876 2821 1913 2851 A.
1930 2820 1979 2850 M.
1997 2821 2032 2852 ad
2047 2821 2215 2853 Recroriam
2232 2822 2430 2855 &Ecclesiam
2438 2824 2493 2857 Pa-

1424 2861 1582 2891 rochialem
1597 2861 1633 2891 de
1648 2860 1769 2897 Synterle
1799 2860 1863 2890 alias
1883 2859 2038 2900 Blackney,
2066 2860 2195 2892 Diocelis
2216 2862 2420 2902 Norwicensts,
2437 2873 2487 2901 per

1425 2909 1551 2929 mortem
1569 2900 1724 2929 naturalem
1744 2909 1761 2929 u
1775 2899 1838 2928 timi
1860 2898 2057 2929 lncumbentis
2080 2899 2222 2938 ejusdem,
2242 2902 2296 2937 jam
2321 2911 2488 2939 vacantem,

1424 2938 1457 2969 δί
1480 2937 1513 2967 ad
1537 2937 1663 2968 nostram
1680 2937 1913 2975 presentationem
1937 2938 2046 2967 ratione
2065 2939 2183 2968 minoris
2206 2940 2284 2968 etatis
2306 2939 2404 2976 Jacobi
2421 2940 2489 2969 Cal-

1426 2976 1535 3013 rhorpe,
1555 2976 1610 3006 five
1626 2986 1679 3014 pro
1694 2976 1808 3006 defeetu
1824 2975 1995 3005 liberationis
2016 2975 2083 3005 inde
2107 2976 2217 3014 sumpte
2234 2999 2243 3014 ,
2269 2985 2321 3014 pro
2344 2977 2399 3008 hac
2421 2979 2487 3008 vice

1425 3015 1624 3052 spectantem,
1647 3014 1684 3045 Et
1708 3014 1867 3051 diriguntur
1889 3013 1926 3043 hc
1945 3013 2038 3044 Litete
2059 3013 2210 3053 Richardo,
2230 3015 2398 3055 Norwicenfi
2415 3015 2487 3054 Epi-

1424 3054 1552 3120 stq‘f'gste
1569 3090 1651 3128 Rege
1666 3089 1738 3129 apud
1754 3089 2012 3129 U'eslmonastcrium
2023 3111 2033 3127 ,
2050 3089 2186 3120 vicefimo
2207 3090 2283 3122 sexto
2305 3091 2351 3123 dic
2372 3095 2485 3123 Decem-

1425 3129 1491 3159 hm'
1981 3167 2035 3195 Per
2051 3169 2144 3196 Breve
2161 3165 2194 3196 de
2210 3169 2332 3198 Privato
2346 3167 2449 3206 Szgillo.

1461 3244 1609 3284 Johannes
1626 3242 1819 3280 Pocklington‚
1837 3242 1865 3273 S.
1881 3242 1921 3273 T.
1939 3242 1973 3273 P.
1993 3242 2027 3274 ad
2043 3242 2259 3274 Canonicatum
2281 3243 2338 3275 slve
2354 3244 2484 3277 Pteben-

1425 3282 1490 3313 dam
1505 3284 1580 3313 illam
1590 3306 1599 3319 ,
1617 3283 1644 3312 in
1662 3281 1786 3312 Ecclelia
1801 3282 1896 3312 nostra
1913 3280 2069 3320 Collegiata
2084 3282 2139 3312 sive
2154 3282 2241 3313 libera
2256 3280 2372 3321 Capella
2388 3284 2483 3317 nostra

1425 3323 1500 3361 regia
1520 3323 1615 3351 Sanc‘li
1634 3324 1765 3357 Georgii,
1793 3320 1863 3350 infra
1886 3319 2019 3350 Castrum
2047 3320 2175 3350 nostrum
2203 3320 2240 3349 de
2263 3322 2412 3360 Windsbr‚
2435 3333 2486 3361 per

1429 3369 1554 3391 mortem
1569 3360 1727 3390 naturalem
1742 3358 1839 3388 Thome
1853 3357 1951 3396 Shcaf,
1970 3359 1998 3388 S.
2014 3359 2054 3389 T.
2071 3358 2103 3388 P.
2119 3359 2214 3389 ultimi
2231 3359 2411 3391 Prcbendarii
2433 3364 2488 3392 ibi·

1426 3401 1510 3436 dem,
1537 3400 1591 3437 jam
1605 3407 1752 3429 vacantem
1763 3420 1772 3435 ,
1789 3399 1822 3439 ὃς
1837 3397 1873 3427 ad
1888 3397 2014 3427 nostram
2028 3397 2213 3428 collationem
2236 3397 2270 3428 &
2293 3398 2409 3430 liberam
2431 3400 2490 3437 dis-¹

1427 3437 1602 3478 politionem
1618 3437 1704 3475 pleno
1719 3437 1782 3474 jure
1796 3437 1977 3474 spectantem.

1464 3476 1554 3508 Teste
1568 3474 1652 3513 Rege
1666 3475 1741 3512 apud
1756 3474 2022 3514 liestmonasteritm,
2041 3473 2180 3505 vicesimo
2193 3474 2240 3506 die
2251 3476 2417 3507 Decembris.

1905 3552 1959 3580 Per
1977 3553 2070 3580 Breve
2091 3551 2122 3581 de
2141 3553 2260 3582 Privato
2277 3553 2377 3592 Ssgillm

1467 3630 1583 3662 Thomas
1601 3633 1679 3660 rates
1692 3653 1701 3668 ,
1721 3628 1866 3664 Clericus,
1885 3626 1913 3656 S.
1936 3626 1976 3656 T.
1990 3626 2019 3657 B.
2042 3627 2076 3658 ad
2092 3628 2260 3661 Rectoriam
2279 3631 2312 3660 &
2335 3629 2492 3662 Ecclesiam

1431 3670 1621 3708 parochialem
1641 3671 1678 3699 de
1695 3667 1847 3698 Middleton
1863 3664 1982 3705 Cbeney,
2010 3666 2039 3696 in
2060 3665 2210 3698 Comitatu
2237 3668 2491 3708 Nortbamptonie,

1431 3706 1793 3743 DiocelisPetriburgenfis,
1804 3705 1856 3741 jam
1871 3704 1907 3733 de
1919 3703 1981 3747 jure
1990 3714 2155 3744 vacantem,
2173 3707 2206 3737 ὃς
2224 3707 2258 3736 ad
2277 3707 2401 3738 nostram
2420 3708 2491 3739 Pre-

1433 3747 1616 3778 sentationem
1635 3746 1720 3782 pleno
1737 3753 1814 3780 jure,
1842 3742 1897 3771 sive
1921 3750 2030 3773 ratione
2048 3744 2218 3775 liberationis
2241 3745 2379 3775 Edwardt'
2393 3747 2491 3776 Gibbes

1435 3785 1582 3821 Armigeti
1604 3785 1621 3813 ὲ
1638 3782 1769 3812 manibus·
1784 3780 1883 3810 nostris
1900 3781 2020 3812 minime
2035 3782 2202 3820 prosecute,
2218 3782 2260 3813 vel
2276 3783 2334 3814 alio
2356 3794 2487 3824 quocun-

372 3823 441 3853 The
464 3821 561 3861 King,
589 3821 637 3852 the
660 3822 808 3852 twentieth
831 3821 883 3862 day
908 3824 943 3852 of
957 3825 1118 3863 December,
1145 3824 1276 3861 grantetli
1296 3833 1327 3855 to
1351 3824 1396 3855 Sir
1435 3835 1490 3862 que
1507 3822 1598 3853 modo
1631 3821 1824 3858 speetantem3
1838 3818 1876 3848 Et
1890 3818 2046 3858 diriguntur·
2061 3821 2096 3852 he
2115 3821 2213 3852 Litere
2233 3821 2383 3860 Johanni,
2403 3825 2496 3859 Petri-⁹

336 3863 432 3900 Henry
448 3861 556 3890 Palmer
566 3860 677 3899 Knight
688 3882 696 3896 ,
715 3859 769 3890 and
785 3860 897 3896 others,
914 3861 964 3890 the
972 3861 1069 3892 Office
1084 3863 1137 3892 and
1149 3863 1233 3894 Place
1241 3863 1277 3893 of
1282 3862 1397 3900 Comp-

338 3899 434 3928 troller
457 3899 513 3930 and
534 3898 742 3937 Comptrollers
766 3899 802 3929 of
813 3898 848 3929 all
867 3898 910 3928 his
929 3897 1074 3940 Maiesty’s
1091 3900 1176 3940 Ships
1198 3902 1301 3942 during
1324 3901 1400 3939 plea-

1438 3859 1561 3898 burgenfi
1579 3859 1731 3896 Episcopo.

1474 3901 1503 3930 T
1506 3902 1561 3930 este
1578 3897 1661 3936 Rege
1678 3894 1752 3933 apud
1771 3894 2046 3936 Wstmonasterium‚
2066 3899 2161 3935 primo
2179 3897 2226 3928 die
2245 3897 2418 3928 Novembris.

1999 3975 2051 4003 Per
2071 3976 2164 4004 Breve
2182 3973 2215 4004 de
2230 3976 2348 4004 Privato
2363 3972 2463 4011 sigillo.

1946 4049 1976 4079 Ii
2445 4055 2501 4084 Sa-
