2561 4263
239 172 293 214 30

254 245 282 282 ἒ
394 245 422 280 ,²⁵

255 284 283 321 9
395 283 422 319 Ρ

236 1797 305 1827 ¹353
321 1798 323 1801 v
340 1787 427 1819 2712'11r
442 1791 466 1820 3.

250 3485 325 3515 ¹354
354 3472 388 3500 ²8
398 3473 483 3511 Ed.3.

617 142 1279 193 SYLLABUS

535 311 699 342 arressandis.
1229 316 1264 343 ¹5

502 355 552 380 Pro
571 350 697 379 Domino
713 349 745 377 de
759 347 784 376 le
800 349 901 380 Ereto,
918 346 951 375 de
966 346 1113 376 Annuitate
1127 343 1271 374 solvenda:
1329 356 1346 364 ἰ

1233 386 1263 411 16

504 430 542 456 De
557 427 709 456 conductu
724 435 775 464 pro
792 424 964 453 Vicecomite
977 425 1010 452 de
1024 425 1156 460 Dauneye
1175 421 1261 450 Priso-

528 466 611 494 —nario
631 466 725 503 Regis.
1232 470 1261 496 17

502 507 554 532 Pro
571 507 678 542 Agnete
698 506 766 531 Pore
785 502 899 531 Nutrice
928 502 1086 539 Margaretae
1110 498 1184 528 Filiae
1208 500 1263 526 Re-

538 543 594 581 gis,
613 544 645 572 de
662 542 808 570 Annuitate
819 540 952 569 concessa.
1231 537 1263 564 18

501 582 552 610 Pro
564 581 684 609 Custode
698 584 725 609 &
744 578 913 607 Scholaiibus
931 577 1005 606 Aulae
1022 578 1054 605 de
1072 575 1190 604 Valence
1200 577 1263 604 Ma-

538 620 600 649 riae.
621 621 653 648 de
672 618 792 646 Ecclesiis
810 615 1024 654 appropriandis.
1231 624 1263 649 ¹9

503 660 555 687 Pro
570 657 717 685 Willielmo
732 657 764 684 de
781 655 938 693 Aldeburgh
951 653 1061 682 Valetto
1077 653 1210 690 Johannis
1233 654 1265 680 de

542 695 651 725 Balliolo
668 695 754 733 Regis
772 694 887 726 Scotiae,
906 695 939 722 de
956 692 1143 721 Proteffione.
1229 701 1264 718 20

505 737 557 763 Pro
580 733 792 771 Archiepiscopo
820 731 984 762 Armachan.
1003 731 1082 767 super
1099 727 1265 764 bajulatione

540 773 636 801 Crucis
647 793 654 805 ‚
676 775 702 801 &
719 773 752 801 de
769 771 923 799 excusando
941 770 955 798 a
973 768 1172 798 Parlianientis.
1231 777 1262 795 21

503 813 556 840 Pro
573 811 732 840 Marchione
749 810 882 849 Juliacen.
1230 816 1264 834 22

501 852 554 878 Pro
580 849 729 878 Willielmo
748 851 780 878 de
805 847 1002 876 Melchebourn
1017 867 1025 879 ‚
1059 847 1090 873 de
1117 844 1267 872 Annuitate

539 889 662 917 concess‘a
679 888 707 915 in
721 886 1003 924 recompensationem
1026 883 1174 921 diligentiae
1196 883 1267 911 circa

541 928 703 956 duffionem
719 927 827 963 Magnae
843 926 963 953 Coronae
983 925 1010 951 in
1027 922 1166 959 Angliam.
1232 931 1264 958 23

503 967 556 994 Pro
577 964 740 1003 Engelberto
758 963 828 991 Filio
848 962 966 1000 Adulphi
983 971 1068 999 nuper
1090 959 1212 987 Comitis
1235 962 1268 989 de

542 1005 622 1031 Mark
633 1023 640 1035 ‚
657 1004 688 1030 de
710 1003 856 1031 Annuitate
871 1001 995 1030 conceffa
1011 999 1115 1028 intuitu
1132 999 1266 1036 Homagii

540 1046 567 1071 δι
585 1040 742 1070 Fidelitatis.
1232 1047 1267 1074 24

503 1082 555 1109 Pro
579 1079 697 1108 Arnaldo
718 1081 750 1108 de
772 1078 922 1107 Duroforti
935 1098 943 1110 ‚
963 1076 995 1105 de
1018 1075 1144 1105 Denariis
1158 1074 1266 1105 solven-

538 1120 587 1148 dis.
1233 1124 1267 1150 ²5

504 1159 556 1186 Pro
571 1157 742 1186 Hominibus
757 1155 835 1184 Villae
851 1156 883 1184 de
897 1154 1074 1183 Portesmuth
1084 1175 1090 1185 ‚
1107 1155 1139 1182 de
1155 1154 1267 1181 Exone-

537 1197 644 1224 ratione
668 1196 773 1224 ratione
802 1196 997 1231 Dampnorum
1017 1193 1031 1221 'a
1049 1191 1159 1220 Gallicis
1175 1201 1264 1229 recep>

538 1243 639 1264 torum.
1233 1232 1267 1257 26

503 1275 556 1302 Pro
572 1274 688 1302 Simone
703 1274 735 1302 de
756 1275 905 1303 Berenner‚
925 1270 957 1298 de
972 1270 1165 1298 Concessione.
1232 1278 1265 1304 ²7

504 1314 556 1341 Pro
588 1311 771 1340 Aldermanno
810 1313 836 1339 ὃ(
862 1309 999 1338 Fratribus
1020 1307 1108 1336 Gildae
1133 1308 1266 1345 Corporis

538 1351 639 1379 Christ.
660 1351 773 1379 Cantab.
793 1351 825 1376 de
843 1347 1081 1376 Concessionibus.
1231 1346 1266 1373 28

503 1390 557 1416 Pro
574 1388 774 1420 Aldermanno,
797 1387 931 1415 Fratribus
957 1389 984 1415 &
1008 1384 1153 1413 Sororibus
1178 1383 1267 1412 Gildae
1310 1382 1347 1420 fr)

539 1429 627 1456 Beatae
648 1429 741 1456 Mariae
756 1426 914 1463 Cantebrig.
932 1424 1079 1461 ejusmodi.

502 1468 544 1494 De
560 1466 758 1504 jurisdictione
773 1463 929 1493 Cancellarii
948 1463 1107 1500 Cantebrig.
1233 1471 1267 1499 30

504 1506 718 1533 Memorandum
735 1505 768 1534 de
786 1502 968 1532 Libertatibus
985 1501 1176 1529 Universitatis
1195 1501 1271 1529 Cem-⁴
1313 1491 1338 1521 Ψ

1235 1548 1265 1575 3¹
1312 1533 1348 1568 3⁰:

1313 1572 1339 1594 *b

503 1544 706 1619 Prifbli‘iaggistro
725 1583 752 1609 &
772 1578 944 1608 scholaribus
961 1578 1073 1606 Domsis
1091 1577 1186 1605 Sancti
1212 1578 1267 1605 Mi-

539 1620 636 1649 chaelis
654 1619 817 1656 Cantebrig.
835 1619 868 1646 de
883 1617 1080 1645 Concessione.

767 1695 823 1722 An.
839 1702 883 1729 ²7·
903 1693 955 1721 Ed.
977 1702 1005 1731 3.

504 1774 546 1801 De
562 1772 700 1800 Potestate
717 1770 850 1799 tradtandi
865 1779 932 1798 cum
949 1770 1121 1798 Hominibus
1140 1769 1172 1797 de
1189 1767 1268 1797 Flan-
1308 1759 1316 1768 ’

539 1812 595 1839 dria
609 1810 768 1839 commissa.
1234 1817 1266 1844 33

502 1852 554 1878 Pro
572 1849 700 1877 Domino
715 1849 748 1876 de
762 1847 785 1875 le
802 1848 883 1875 Breto
893 1868 900 1879 ‚
922 1847 954 1874 de
968 1846 1152 1875 Conceffione
1168 1846 1196 1874 in
1210 1856 1271 1884 par·
1318 1842 1327 1850 ”

1230 1433 1266 1458 ²⁹
1312 1424 1345 1473 I*

1335 1475 1343 1483 .

1314 1611 1353 1623 .

1234 1624 1325 1652 3²

1313 1652 1327 1687 2«

538 1895 594 1916 tem
612 1887 813 1915 Satisfaetionis
831 1888 978 1913 Terrarum
990 1906 998 1917 ‚
1020 1888 1074 1914 διε.
1091 1885 1194 1913 ratione
1214 1885 1269 1912 Ad·
1314 1878 1347 1920 η’

540 1926 665 1955 haesionis
685 1926 754 1964 Regi
771 1924 940 1953 amissarum.

504 1966 558 1994 Pro
573 1964 697 2003 Galyoto
713 1967 745 1992 de
763 1963 877 1992 Camilla
895 1964 1046 1991 Mercatore
1061 1963 1094 1990 de
1112 1961 1200 1999 Janua
1211 1982 1217 1993 ,
1239 1964 1271 1990 de

543 2005 720 2032 Proteciione
737 2005 764 2032 ὅ(
783 2002 968 2031 Restitutione
983 2003 1127 2030 Bonorum
1148 2003 1175 2029 &
1196 2002 1269 2028 Mer-

540 2042 722 2071 candisarum.

505 2083 558 2110 Pro
576 2082 705 2109 Domino
721 2081 754 2109 de
770 2079 793 2108 le
814 2081 912 2112 Ereto,
935 2081 968 2108 de
983 2079 1141 2107 Annuitate.

506 2121 550 2149 De
575 2119 726 2158 Alligantiis
749 2119 818 2147 inter
840 2119 948 2165 Regem
974 2121 1001 2147 ὃ(
1029 2119 1137 2145 Ducem
1163 2118 1271 2145 Bavarr.

506 2162 708 2226 Deprggtgdiiitste
727 2156 947 2226 ξξξίῖξὲἓξεῖῑιῐὲ
962 2157 1270 2259 ciilfikvoerlsgilibe‘Franciieg

506 2276 549 2304 De
579 2276 712 2314 Grangias
739 2277 766 2304 δι
793 2275 906 2302 Domos
932 2274 1047 2302 Manerii
1072 2274 1104 2302 de
1126 2242 1270 2309 Hamptgn

541 2313 619 2380 {uxta
635 2314 798 2352 Kyngeston
811 2312 1015 2342 re-aedificando
1026 2333 1033 2344 ‚
1042 2310 1181 2340 casualiter
1189 2320 1270 2339 com-

561 2353 640 2381 ustas.
1237 2359 1271 2385 39

508 2392 605 2420 Liteiae
621 2389 831 2418 Testimoniales
847 2391 879 2419 de
898 2391 983 2422 Gestu
1001 2388 1173 2418 Clericorum
1187 2389 1272 2425 Regis

539 2440 602 2468 erga
622 2429 791 2457 Nicholaum
807 2431 839 2457 de
855 2429 931 2457 Heth
945 2429 973 2456 se
992 2428 1172 2457 Secretariurn
1195 2428 1272 2465 Papa:

538 2470 708 2498 afferentem.
1234 2475 1272 2499 40

505 2509 557 2535 Pro
574 2506 735 2534 Marchione
752 2505 884 2543 juliacen.
1234 2513 1269 2537 41

505 2547 547 2574 De
566 2547 766 2574 Pardonatione
781 2555 831 2582 pro
849 2546 941 2581 Raptu
959 2542 1091 2571 Mulieris.
1235 2553 1271 2577 42

506 2586 548 2613 De
581 2584 764 2612 Altercatione
794 2583 864 2611 inter
888 2583 1054 2611 Mercatores
1077 2583 1109 2610 de
1135 2581 1222 2618 Janua
1245 2583 1272 2609 ὃ(

544 2623 706 2660 Magistrum
725 2621 823 2650 Navis.
1235 2629 1271 2656 43

508 2663 560 2689 Pro
575 2660 725 2689 Tilmanno
740 2662 773 2689 de
792 2661 906 2692 Werda‚
925 2660 957 2688 de
978 2659 1134 2688 Annuitate.
1234 2669 1274 2694 44

507 2702 549 2727 De
568 2699 728 2727 Falconibus
743 2699 876 2727 emendis.
1235 2706 1272 2732 45

508 2739 549 2765 De
570 2738 750 2766 Libertatibus
770 2736 950 2774 Episcopatus
966 2735 1173 2764 Dunolmenfis.
1236 2737 1273 2771 46

507 2777 548 2804 De
566 2777 705 2804 Domibus
721 2779 747 2804 ἃ
769 2775 867 2802 Placeis
883 2785 933 2812 pro
958 2776 1077 2802 Cambio
1099 2776 1220 2802 Monetae
1245 2784 1272 2801 a-

542 2816 597 2853 pud
612 2815 694 2842 Ebor.
715 2814 865 2851 reparandis
884 2817 911 2842 &
934 2812 1085 2840 liberandis.
1234 2822 1271 2848 47

506 2853 663 2889 Ejusmodi.
975 2868 981 2876 ·
1236 2850 1273 2886 48

508 2892 550 2920 De
579 2891 729 2920 Standardis
752 2893 779 2920 δε
805 2888 932 2918 Truffell.
951 2899 1001 2928 pro
1026 2890 1140 2917 Moneta
1155 2888 1274 2917 facienda

541 2930 692 2958 liberandis.
1235 2937 1274 2963 49

509 2971 550 2996 De
571 2969 695 2997 Navibus
710 2967 878 2996 arrestandis.
1236 2975 1274 3001 50

509 3009 562 3036 Pro
580 3007 740 3035 Marchione
757 3004 891 3043 Juliacen.
1239 3013 1271 3040 51

509 3048 561 3074 Pro
580 3044 684 3073 isabella
703 3043 769 3072 Filia
789 3044 893 3082 Regis,
915 3043 949 3071 de
972 3043 1156 3072 concessione
1181 3044 1276 3072 Mane-

542 3094 659 3112 riorum.
1241 3091 1276 3117 52

509 3125 563 3151 Pro
582 3123 708 3160 johanne
732 3119 852 3158 Crespy,
875 3120 908 3148 de
932 3119 1104 3148 Remissione
1129 3118 1277 3148 Fidelitatis

547 3161 601 3189 suae
615 3164 642 3191 ὃ(
660 3162 692 3189 de
712 3159 899 3188 Protestione.
1239 3168 1274 3195 53

512 3200 602 3229 Litera
624 3199 765 3227 Potestatis
796 3197 963 3225 Marchionis
987 3194 1121 3234 Juliacen.
1144 3197 1177 3224 ad
1209 3198 1275 3225 reci-

546 3239 678 3276 piendum
709 3236 888 3265 Annuitatem
920 3236 996 3264 suam
1027 3245 1096 3262 1000
1122 3236 1275 3264 Mai-carum

552 3287 601 3314 pro
617 3278 686 3304 οᾶο
705 3276 798 3304 Annis.
1238 3284 1277 3310 54

516 3316 611 3344 Litera:
630 3312 841 3343 Testimoniales
858 3314 891 3342 de
909 3312 1019 3342 defeEtu
1034 3310 1182 3340 Auriculae.
1238 3321 1276 3348 55

777 3389 832 3418 An.
849 3388 895 3416 ²8.
917 3389 968 3416 Ed.
990 3397 1016 3425 3.

1236 1932 1271 1959 34
1313 1919 1349 1959 3(-

1315 2098 1327 2109 ν
1315 2051 1343 2081 ἐνξ
1314 1960 1343 2038 :teuta

1335 2091 1342 2100 ⁷
1335 1987 1350 2079 'xm'sa'
1339 1961 1347 1969 ι

1311 2462 1358 2623 {i

1312 2585 1358 2990 ἒξ

514 3472 556 3498 De
574 3468 663 3497 Cursu
680 3468 801 3496 Monetae
817 3465 845 3493 in
865 3464 1019 3502 Aquitania.
1242 3467 1279 3501 5⁶
1317 3464 1325 3474 ‘
1354 3475 1362 3485 .

516 3507 732 3537 Memoraudum
749 3505 781 3533 de
795 3503 943 3533 Annuitate
957 3502 1125 3531 Marchionis
1140 3501 1278 3540 juliacen-

551 3547 594 3575 fis.

518 3587 559 3613 De
581 3585 704 3614 Navibus
720 3581 887 3613 arrestandis.

520 3625 705 3661 Acquietantia
731 3621 867 3651 Bertrandi
889 3619 921 3649 de
944 3617 1136 3648 Mountferant
1156 3627 1207 3654 pro
1223 3619 1279 3645 Va-

554 3663 603 3689 diis
620 3663 673 3690 suis
690 3664 717 3691 δι
734 3661 904 3689 Hominum.

523 3701 576 3727 Pro
596 3701 754 3727 Marchione
771 3698 904 3736 juliacen.

522 3739 574 3766 Pro
599 3737 745 3765 Will'ielmo
769 3739 801 3765 de
827 3734 1000 3773 Aldeburgh‚
1020 3735 1053 3763 de
1069 3732 1142 3762 salvo
1164 3733 1280 3761 Condu-

556 3777 614 3805 Ctu.
1245 3773 1277 3798 61

523 3817 607 3853 Super
622 3813 733 3851 juribus
747 3816 779 3842 de
794 3813 895 3841 Decani
911 3815 937 3841 ὃ(
955 3810 1073 3849 Capituli
1083 3809 1205 3839 Ecclesiae
1216 3811 1281 3837 Bur-

560 3854 646 3892 dcgal.
665 3853 698 3879 de
713 3853 874 3887 inquirendo
892 3853 919 3880 &
933 3850 1114 3878 ceitiorando.
1246 3849 1281 3874 62

525 3894 567 3920 De
587 3890 708 3920 Denariis
729 3890 909 3925 scriptoribus
929 3889 1074 3916 Librorum
1093 3889 1120 3915 δε
1136 3896 1184 3924 pro
1201 3886 1283 3923 Liga-

561 3939 620 3958 tura
631 3930 779 3957 eorundem
797 3927 946 3954 liberandis.
1248 3926 1281 3960 63

526 3970 568 3996 De
585 3968 797 4005 Privilegiorum
808 3964 1041 4001 Burdegalenfium
1057 3963 1285 3992 Confirmatione.
1326 3985 1334 3994 .
1362 3955 1370 3966 ³

527 4045 569 4073 De
587 4043 804 4083 Proclamatione
838 4040 959 4071 facienda
979 4040 1055 4078 quod
1079 4003 1287 4068 Mensuraecucid

1363 139 1580 184 SEU

1415 229 1442 262 .>
1545 231 1572 263 ,³³

1415 267 1442 304 ,Ὀ
1543 267 1572 304 Ρ

1392 677 1463 706 1355
1493 665 1621 702 29Ed.3.

1400 2203 1472 2240 1356
1505 2194 1634 2232 303⁴&-

1659 136 2060 181 INDEX

1683 300 1831 330 standardo
1847 301 1975 329 Winton.
1988 301 2165 330 concordent.
2375 300 2413 337 65

1650 341 1703 369 Pro
1719 339 1856 378 Operariis
1877 341 2052 367 Monetarum
2068 338 2236 377 Aquitani-x,
2256 338 2289 367 de
2305 338 2410 366 Exem—

1687 377 1862 417 plificatione.
2375 379 2412 404 66

1650 419 1693 445 De
1708 417 1902 455 proclamando
1917 417 1949 445 de
1966 416 2059 444 Pretio
2076 416 2228 443 Vinorum.
2374 418 2410 451 67

1650 457 1693 484 De
1711 456 1835 483 Navibus
1853 458 1881 485 ὃς
1897 455 1998 494 Bonis,
2014 455 2087 493 apud
2100 453 2236 482 calesium
2257 453 2389 482 arrestatis
2403 475 2411 486 ,

1686 495 1886 523 dearrestandis.
2372 492 2409 520 68

1912 582 1967 609 An.
1986 590 2032 616 29.
2051 579 2102 608 Ed.
2117 589 2144 617 3.

1649 668 1706 732 Pte}
1725 665 1862 732 Enpiscopo
1887 665 2024 694 Dunolm.
2046 667 2079 695 de
2102 666 2298 704 jurisdiffione
2321 666 2416 696 Brevin

1699 716 1707 732 1
1730 705 1737 732 i
1757 706 1830 734 andi.
2374 708 2392 733 6

1651 715 1827 771 Proglsabella
1843 741 1908 772 Filia
1927 743 2013 781 Regis
2023 763 2029 775 ‚
2050 742 2083 771 de
2099 742 2336 772 Conceffionibus.
2375 715 2412 779 73

1653 782 1699 810 Ne
1718 782 1819 810 finistra
1833 781 1952 819 suspicio
1967 782 2093 811 habeatur
2110 780 2330 812 Testimoniales.
2377 790 2409 817 71

1651 822 1703 849 Pro
1722 820 1829 848 Isabella
1846 821 1912 848 Filia
1927 821 2013 858 Regis
2024 841 2031 852 ,
2051 820 2084 847 de
2100 819 2336 848 Conceffionibus.
2375 829 2411 855 72

1652 860 1704 887 Pro
1723 860 1858 888 Edwardo
1871 860 1904 887 de
1922 860 2055 891 Letharn,
2076 859 2108 886 de
2125 857 2272 885 Annuitate
2287 859 2366 886 πᾶα
2384 860 2414 887 δε

1685 899 1824 935 assignata.
2376 905 2411 933 73

1651 937 1704 964 Pro
1722 936 1844 974 Paffagio
1862 935 1994 973 Principis
2010 933 2113 963 Walliae
2131 934 2222 963 versus
2236 934 2415 968 Vasconiam,

1687 977 1718 1003 de
1738 976 1860 1003 Navibus
1873 974 2042 1003 arrestandis.
2379 982 2416 1010 74

1652 1014 1694 1041 De
1710 1023 1810 1052 magna
1825 1014 1904 1051 Coga
1918 1013 2006 1051 Regis
2021 1013 2092 1052 apud
2107 1010 2130 1039 le
2146 1009 2237 1040 Scluse
2251 1012 2279 1039 in
2289 1011 2417 1050 Angliam

1687 1053 1817 1081 ducenda.
2381 1059 2418 1086 75

1652 1091 1695 1117 De
1714 1091 1862 1128 Sagittariis
1878 1089 2020 1128 eligendis.
2381 1091 2418 1124 76

1653 1130 1695 1155 Dc
1712 1128 1835 1156 Generali
1851 1130 2010 1156 Attornatu.
2381 1137 2415 1164 77

1654 1168 1697 1195 De
1714 1166 1908 1204 proclamando
1929 1165 2007 1204 quod
2037 1163 2210 1195 Flandrenses
2239 1164 2419 1194 amicabiliter

1691 1207 1898 1241 pertraetentur.
2122 1207 2126 1210 ”
2381 1205 2417 1240 78

1654 1245 1697 1272 De
1713 1243 1906 1282 proclamando
1921 1242 1997 1282 quod
2015 1243 2107 1272 Naves
2123 1243 2156 1271 ad
2171 1244 2288 1271 Terram
2312 1243 2420 1271 trahan-

1692 1289 1749 1311 tur.

1653 1321 1697 1349 De
1714 1324 1870 1350 Attornatu.
2384 1291 2422 1349 ἐξ

1655 1360 1698 1388 De
1720 1360 1890 1388 Custodibus
1912 1359 2004 1397 Regni
2026 1358 2055 1386 in
2073 1356 2198 1386 Absentia
2214 1358 2299 1396 Regis
2317 1359 2421 1387 consti-

1690 1399 1767 1428 tutis.
2384 1397 2417 1425 81

1655 1438 1710 1465 Pro
1724 1437 1848 1476 Principe
1865 1434 1983 1468 Walliae‚
2005 1435 2037 1463 de
2053 1434 2244 1463 Permiffione.
2383 1435 2420 1464 82

1657 1477 1710 1504 Pro
1735 1477 1832 1504 eodem
1862 1477 2085 1503 Locumtenente
2117 1474 2203 1511 Regis
2226 1473 2254 1501 in
2287 1473 2423 1503 Vasconia

1689 1515 1852 1542 constituto.
2385 1512 2421 1550 83

1657 1554 1709 1580 Pro
1733 1554 1832 1590 juratis
1854 1555 1882 1582 ὅτ,
1906 1551 2117 1580 Habitatoribus
2143 1550 2254 1579 Bastidae
2270 1552 2302 1579 de
2318 1551 2423 1579 Credo-

1692 1592 1755 1623 ηῐο,
1777 1593 1809 1619 de
1829 1591 2011 1619 Petitionibus
2028 1589 2210 1627 inspiciendis.
2387 1590 2424 1626 84

1657 1631 1700 1657 De
1725 1630 1839 1657 Thoma
1862 1632 1993 1667 Hopman
2016 1630 2106 1657 Fratre
2131 1627 2243 1655 Ordinis
2260 1628 2425 1657 Praedicato-

1694 1678 1756 1696 rum
1771 1669 1912 1706 capiendo·
2389 1667 2426 1703 85

1659 1707 1703 1734 De
1722 1710 1882 1734 Attornatu.
2391 1703 2429 1733 86

1657 1745 1812 1780 Ejusmodi.
2388 1743 2424 1779 87

1658 1785 1713 1811 Pro
1730 1784 1851 1811 Henrico
1867 1785 1900 1812 de
1918 1782 2102 1814 Suthworth‚
2121 1782 2154 1811 de
2172 1783 2260 1810 Dono
2275 1781 2371 1820 Regis.
2390 1782 2426 1809 88

1659 1823 1712 1849 Pro
1730 1821 1837 1850 Isabella
1854 1821 1918 1850 Filia
1940 1822 2039 1859 Regis,
2060 1822 2092 1848 de
2109 1821 2300 1848 Conceffione.
2389 1820 2429 1856 89

1660 1861 1713 1887 Pro
1737 1859 1872 1889 Michaele
1888 1860 2038 1887 Dobbeson
2054 1862 2080 1888 &
2104 1858 2162 1886 aliis
2189 1869 2234 1895 per
2256 1858 2429 1887 Adversarios

1694 1898 1812 1925 Franciae
1835 1898 2007 1934 depraedatis,
2029 1897 2061 1924 de
2084 1898 2167 1924 Bonis
2192 1899 2219 1925 ὃ(
2235 1897 2429 1926 Mercimonii's

1698 1937 1883 1963 Mercatorum
1902 1935 2029 1962 Franciae.
2389 1945 2426 1970 90

1661 1975 1703 2002 De
1719 1975 1839 2012 Ingeniis
1855 1976 1882 2003 ὅ(
1901 1971 2067 2012 Springaldis
2082 1972 2168 2011 usque
2179 1972 2275 2011 Caleys
2289 1974 2431 2003 ducendis.

2391 2021 2426 2047 91

1927 2100 1983 2128 An.
2005 2107 2048 2137 30.
2070 2100 2120 2129 Ed.
2141 2108 2168 2137 3.

1663 2188 1706 2216 De
1730 2186 1852 2216 Arcubus
1876 2189 1904 2216 ὃ(
1927 2187 2040 2225 Sagittis
2054 2187 2196 2218 emendis,
2218 2188 2244 2215 &
2261 2186 2292 2215 ad
2313 2187 2429 2216 Turrim

1702 2227 1823 2254 London
1852 2227 1982 2254 ducendis
1997 2231 2022 2255 bi
2042 2224 2193 2254 liberandis.
2391 2234 2427 2261 92

1663 2267 1715 2293 Pro
1743 2265 1871 2293 Mcnaldo
1899 2266 1931 2292 de
1959 2263 2046 2292 Insula
2067 2264 2131 2293 alias
2147 2265 2181 2292 de
2198 2263 2304 2292 Careffa
2321 2262 2431 2293 Clerico

1699 2312 1852 2342 conjugato
1862 2325 1868 2336 ‚
1884 2305 1917 2331 de
1932 2303 2109 2332 Proteffione
2392 2312 2428 2340 93

1663 2344 1707 2371 De
1733 2343 1864 2381 Expeniis
1885 2341 2020 2371 solvendis
2037 2351 2088 2380 pro
2104 2341 2237 2370 duetione
2255 2340 2432 2380 Springaldo-

1700 2392 1764 2409 rum
1777 2403 1783 2410 .
1808 2384 1862 2410 &c.
2393 2389 2433 2416 94

1664 2421 1708 2448 De
1724 2419 1919 2458 proclamando
1935 2419 1967 2446 de
1985 2419 2077 2447 Pretio
2096 2419 2250 2448 vinorum.
2392 2427 2432 2454 95

1664 2460 1706 2486 De
1723 2459 1875 2486 Marinariis
1892 2458 2040 2495 capiendis.
2393 2459 2433 2493 96

1666 2499 1708 2525 De
1725 2498 1858 2526 Pontibus
1873 2500 1899 2526 δι
1918 2501 1925 2521 (
1943 2495 1998 2523 laiis
2013 2496 2198 2533 providendis.
2394 2505 2432 2531 97

1666 2537 1718 2564 Pro
1736 2535 1842 2565 lsabella
1860 2535 1925 2564 Filia
1942 2535 2045 2573 Regis,
2064 2535 2096 2563 de
2111 2533 2304 2564 Conceffione.
2395 2534 2434 2570 98

1666 2576 1718 2602 Pro
1736 2576 1839 2603 eadem,
2393 2581 2432 2608 99

1665 2615 1708 2642 De
1734 2615 1858 2642 Arcubus
1885 2616 1912 2642 ὃ(
1941 2612 2052 2651 Sagittis
2067 2622 2118 2650 pro
2131 2612 2254 2649 Principe
2272 2609 2374 2642 Walliae
2388 2611 2433 2640 us-

1704 2663 1758 2691 que
1779 2651 1942 2681 Plummuih
1955 2652 2097 2680 ducendis.
2382 2659 2433 2677 100

1665 2693 1708 2719 De
1734 2693 1818 2729 Equis
1844 2691 2035 2728 providendis,
2058 2692 2084 2718 ὅ(
2107 2690 2140 2717 ad
2155 2689 2312 2726 Principem
2330 2686 2434 2716 Walliae

1704 2731 1732 2758 in
1748 2729 1914 2758 Vasconiam
1930 2728 2069 2757 ducendis.
2381 2736 2430 2755 101

1668 2770 1721 2797 Pro
1741 2768 1878 2797 Galliardo
1900 2769 1932 2796 de
1957 2765 2121 2798 Duroforti‚
2142 2765 2175 2792 de
2199 2762 2434 2793 Confirmatione.

1667 2846 1712 2872 De
1733 2844 1859 2872 Navibus
1873 2843 2041 2872 arrestandis.
2380 2812 2432 2878 '12²3-

1669 2884 1712 2910 De
1727 2883 1850 2910 Arcubus
1866 2885 1893 2910 δε
1911 2882 2021 2919 sagittis
2036 2880 2097 2919 usq;
2118 2878 2282 2908 Plummuth
2294 2879 2436 2908 ducendis.

1666 2961 1709 2987 De
1728 2959 1860 2987 Navibus
1876 2958 2044 2986 arrestandis.
2382 2927 2436 2992 ig}-

1666 2999 1720 3025 Pro
1743 2996 1905 3025 Confeffore
1928 2997 2013 3035 Regis
2027 3017 2035 3028 ,
2071 2996 2104 3025 de
2126 2994 2275 3023 Annuitate
2297 2992 2434 3023 solvenda.

1668 3075 1722 3101 Pro
1738 3072 1845 3102 Isabella
1861 3072 1927 3101 Filia
1943 3074 2044 3111 Regis,
2064 3073 2098 3100 de
2111 3071 2304 3100 Conceffione.
2381 3035 2434 3107 ig?

1669 3114 1723 3140 Pro
1750 3112 1920 3140 Hominibus
1944 3114 1976 3141 de
2001 3110 2158 3148 Tevydale‚
2186 3111 2219 3136 de
2237 3108 2358 3146 antiquis
2385 3109 2433 3136 Li-

1712 3151 1860 3179 bertatibus
1888 3153 1915 3180 &
1948 3148 2099 3188 Privilegiis
2123 3147 2309 3177 Confirmatio
2337 3147 2435 3184 Regis.

1669 3229 1722 3256 Pro
1746 3229 1860 3256 Decano
1881 3231 1908 3258 &
1931 3225 2063 3266 Capitulo
2079 3225 2227 3255 Cicestren.
2244 3223 2277 3251 de
2293 3186 2435 3261 inquiieciig-

1669 3267 1849 3342 Dedgiuodam
1868 3306 1952 3333 Scoto
1967 3302 2142 3341 Exploratore
2157 3300 2298 3337 capiendo.
2383 3271 2437 3329 κζ

1672 3345 1714 3371 De
1733 3343 1884 3370 Maeremio
1901 3354 1951 3381 pro
1969 3341 2077 3380 sagittis
2095 3341 2122 3369 &
2136 3337 2269 3375 Qarellis
2286 3338 2435 3376 providen-

1707 3382 1752 3409 do.
2381 3386 2391 3404 1
2401 3387 2410 3404 1
2419 3386 2430 3405 1

1670 3421 1712 3449 De
1730 3419 1879 3448 Admirallo
1895 3416 1980 3446 Flotae
1994 3416 2119 3445 Navium
2135 3416 2164 3444 in
2181 3415 2302 3444 Partibus
2320 3415 2436 3444 Hibern-

1705 3460 1866 3488 constituto.
2380 3463 2431 3481 112

1669 3499 1712 3525 De
1736 3495 1901 3525 intendendo
1925 3493 1996 3521 Duci
2027 3493 2186 3521 Lancastriae
2216 3492 2435 3520 Locumtenenti

1709 3535 1794 3571 Regis
1810 3532 1931 3561 Ducatsis
1948 3532 2102 3560 Britanniae.
2381 3539 2433 3567 ¹¹3

1670 3575 1722 3601 Pro
1740 3573 1817 3599 Duce
1835 3571 1994 3599 Lancasti·iae
2010 3573 2226 3599 Locumtenente
2240 3567 2364 3597 Ducatfis
2374 3569 2434 3596 Bri-

1704 3610 1802 3638 tanniae
1817 3611 1980 3639 constituto.
2382 3615 2436 3643 114.

1670 3650 1724 3676 Pro
1739 3650 1848 3677 eodem.
2381 3654 2390 3671 ¹
2402 3655 2409 3671 ¹
2415 3652 2434 3679 5

1670 3689 1754 3715 Breve
1773 3688 1859 3716 Ducis
1878 3686 2054 3718 Lancastriae,
2075 3684 2108 3713 de
2122 3684 2254 3723 capiendo
2270 3681 2432 3719 Transgres-

1672 3726 1918 3794 Dgoi'iiividentiis
1942 3762 2072 3792 faciendis
2092 3772 2144 3801 pro
2172 3759 2296 3796 Principe
2322 3722 2435 3787 Walliig

1671 3842 1714 3870 De
1729 3842 1873 3879 Homagio
1890 3842 1916 3870 &
1931 3838 2070 3868 Fidelitate
2082 3835 2228 3866 Godefridi
2241 3836 2273 3863 de
2283 3806 2435 3863 Harecoiulryt

1710 3881 1781 3919 Regi
1796 3880 1891 3911 factis,
1912 3881 1965 3907 διε.
1987 3875 2218 3913 Exemplificatio.
2383 3873 2435 3901 118

1671 3919 1724 3947 Pro
1743 3917 1853 3947 Isabella
1870 3917 1954 3953 Regis
1972 3915 2054 3946 Filia,
2075 3915 2108 3942 de
2126 3915 2273 3941 Attornato
2296 3910 2434 3940 faciendo.

1672 3998 1713 4024 De
1729 3994 1851 4023 Arcubus
1867 3995 1895 4022 &
1913 3991 2040 4030 Sagittis‚
2057 3992 2111 4020 ὄις.
2126 3999 2177 4028 pro
2191 3989 2315 4026 Principe
2332 3957 2435 4016 Wailig

1707 4032 1893 4072 providendis.
2379 4034 2431 4090 ἔω

2402 4071 2434 4089 ro
