2561 4263
832 231 944 272 ET
1028 225 1299 274 ACTA

98 327 177 360 Ann.
194 324 236 360 D.
287 323 390 355 Given
405 328 433 353 at
445 320 489 352 his
504 315 649 358 MaJesty’s
662 316 765 350 Palace
778 325 806 349 at
824 318 1023 358 Westminster,
1041 318 1090 348 the
1111 314 1183 360 sixth
1205 315 1259 352 day
1281 312 1320 342 of

123 368 195 404 ¹641
208 389 216 396 ,
249 361 324 403 July
359 362 388 391 in
402 360 449 391 the
464 357 645 389 seventeenth
660 367 725 396 year
742 357 778 387 of
791 357 840 388 the
849 357 944 397 Reign
954 358 991 387 of
1004 367 1057 387 our
1065 357 1224 394 Sovereign
1236 352 1316 384 Lord

95 408 148 433 An.
172 414 214 438 ¹7·
250 386 382 437 Charin,
409 399 448 437 by
471 398 521 427 the
544 395 643 426 Gracc
667 397 703 426 of
720 396 811 439 God,
837 396 918 440 King
937 396 973 426 of
992 394 1142 432 Eugland,
1164 392 1314 429 chtland‚

91 447 159 471 Car.
170 452 193 471 i.
246 442 351 471 France
363 435 418 468 and
435 435 569 472 Ireland,
588 434 736 466 Defendet
752 438 785 466 ol·
801 434 851 466 the
867 434 966 471 Faith,
985 432 1047 469 &a

996 512 1050 541 Per
1067 510 1151 551 ipsum
1169 513 1275 548 Regem.

243 639 293 675 De
316 638 533 674 Pardonatione
554 638 680 684 speciali
713 639 743 671 C
749 635 901 671 utliberto
927 636 1066 683 Claptori
1101 634 1178 669 alius
1204 635 1312 669 Green

633 688 745 721 clerico
767 690 910 720 Romano.

99 799 176 831 Arm·
195 796 237 829 D·
255 771 993 850 RE{snprligngtgtffigssfflqluqss[ffibrgaguizqttigie
1007 807 1141 846 London,
1153 806 1235 851 *apud
1251 806 1314 845 Ju-

123 839 210 875 1641.
246 849 390 890 stite-hall
399 853 427 881 in
439 852 464 882 le
479 853 537 882 Old
552 851 649 890 Baily,
666 852 694 881 in
714 850 853 881 Parochia
875 849 971 876 saneti
993 845 1129 890 Segulfhri
1151 856 1180 876 in
1195 845 1313 890 ,W‘iffda

97 879 160 904 ΡΜ·
191 885 232 909 ¹7·
250 889 286 919 de
299 890 456 927 Faringdon
472 900 555 921 extra
573 890 689 920 London
704 887 823 926 predict.
840 886 886 916 die
902 884 1042 926 Mercurii
1057 885 1165 915 icilicet
1173 887 1311 914 vrceiimo

97 918 162 943 Car.
185 924 208 943 ¹·
253 929 352 965 primo
370 929 417 959 die
432 929 524 968 Julis',
543 939 622 961 anno
638 927 736 964 Regni
750 925 838 956 nostri
851 924 971 954 decimo
985 923 1123 959 septimo,
1141 933 1242 953 coram
1251 923 1313 951 Ed-

96 952 233 990 P·5·7‘·28·
250 967 348 996 mundo
365 967 474 1005 Wight
489 969 603 1006 Milite,
625 965 741 1002 Majore
756 963 890 993 Civitatis
903 961 998 991 nostre
1012 961 1147 998 London,
1169 961 1314 1004 Edwurafo

251 1005 407 1043 Brumfield
420 1006 538 1045 Milite,
557 1009 660 1037 Thema
674 1002 810 1033 Gurdiner
826 1001 996 1043 Armigero,
1014 999 1212 1043 Recordatore
1230 999 1314 1029 Civi-

253 1044 316 1074 tatis
332 1045 460 1081 predicte
475 1047 508 1077 &
521 1046 577 1075 aliis
592 1044 682 1074 Sociis
697 1042 747 1071 suis
758 1039 921 1078 justiciariis
937 1039 1036 1068 nostris
1047 1060 1056 1075 ,
1072 1048 1121 1075 per
1139 1038 1245 1068 Literas
1261 1038 1316 1067 Pa-

252 1091 345 1113 tentes
364 1083 473 1115 nostras
493 1085 533 1115 eis
546 1084 580 1115 &
601 1082 678 1118 aliis,
703 1086 750 1108 aut
765 1078 977 1115 quibuscunque
993 1084 1114 1114 quatuor
1130 1077 1173 1106 vel
1190 1076 1316 1115 pluribus

252 1131 356 1152 eorum
382 1122 545 1159 confestas,
568 1120 602 1151 ad
625 1117 826 1155 inquirendum
850 1125 900 1153 per
913 1115 1092 1146 Sacramenta
1108 1116 1267 1151 proborum
1284 1115 1316 1144 δε

252 1160 387 1198 legalium
410 1161 563 1190 hominum
585 1158 622 1188 de
641 1156 765 1187 Civitate
790 1154 936 1192 predicta,
959 1163 994 1184 ac
1008 1154 1069 1197 aliis.
1082 1155 1151 1192 viis,
1172 1153 1267 1184 modis
1283 1154 1316 1183 &

255 1198 357 1228 mediis
398 1199 501 1236 quibus
518 1197 618 1228 melius
631 1194 734 1224 scirent
749 1202 796 1224 aut
821 1192 955 1230 poffent,
980 1201 1040 1223 tam
1063 1193 1134 1223 infra
1158 1193 1318 1223 Libertates

253 1245 345 1274 quam
360 1223 452 1274 extra,
471 1246 521 1274 per
536 1244 609 1273 quos
623 1234 662 1263 rei
676 1234 777 1263 veritas
794 1233 895 1262 melius
914 1232 977 1262 sciri
991 1231 1077 1274 possit
1089 1233 1124 1275 .&
1144 1232 1263 1271 inquiri,
1282 1231 1318 1260 de

254 1275 468 1314 quibuscunque
487 1272 719 1309 Proditionibus,
750 1270 978 1308 Misprisionibus
991 1269 1205 1308 proditionum,
1229 1268 1321 1313 Insur-

257 1314 449 1350 temonibus,
471 1311 710 1347 Rebellionibus‚
737 1308 986 1347 ControfaCturiS,
1012 1309 1144 1347 Loturis,
1161 1309 1321 1345 Tontuns,

259 1351 330 1382 falsis
343 1351 593 1382 Fabricationibus
607 1351 640 1381 &
654 1350 712 1379 aliis
728 1348 900 1379 Falsitatibus
912 1347 1036 1377 Monere
1051 1347 1132 1385 hujus
1147 1347 1245 1387 Regni
1254 1349 1322 1376 An-

255 1388 328 1428 glie,
355 1390 389 1420 ὃ(
411 1390 530 1420 aliorum
555 1389 728 1427 Regnorum
747 1387 805 1417 five
825 1386 1038 1417 Dominiorum
1061 1395 1323 1425 quorumcunque,

258 1429 306 1458 Ac
323 1427 360 1458 de
391 1427 586 1466 uibuscunque
603 1426 745 1463 ivlurdris,
765 1425 903 1463 Feloniis,
928 1424 1124 1462 Homicidiis,
1142 1424 1323 1455 Interfectio-

257 1468 360 1505 nibus,
404 1467 528 1506 urglariis
547 1468 580 1498 ὅ(
597 1466 655 1495 aliis
675 1465 811 1496 Articulis
826 1464 859 1494 &
879 1462 1020 1500 offensis,
1038 1464 1068 1493 in
1088 1463 1224 1500 predictis
1244 1462 1324 1505 Lite-

257 1506 295 1536 ris
316 1504 477 1536 Patentibus
493 1505 673 1542 specificans,
689 1513 805 1534 necnon
825 1502 993 1533 Acceffariis
1008 1502 1166 1532 eorundem
1185 1501 1259 1531 infra
1272 1500 1327 1530 Ci-

258 1546 380 1576 vitatem
424 1544 584 1581 redictam,
601 1551 660 1574 tam
680 1542 753 1572 infra
772 1542 929 1571 Libertates
948 1549 1034 1577 quam
1054 1548 1153 1579 extra,
1172 1550 1221 1577 per
1240 1548 1321 1582 quos-

261 1592 377 1622 cunque
444 1583 675 1621 qualitercunque
693 1580 805 1617 habita,
831 1578 922 1617 faeta,
942 1587 1095 1616 perpetrata
1113 1579 1172 1608 sive
1189 1586 1329 1608 commis-

257 1621 301 1660 sa,
327 1631 360 1652 ac
385 1621 420 1651 ad
442 1620 543 1650 eadem
563 1619 747 1649 Proditiones
771 1619 805 1649 &
831 1618 882 1649 alia
903 1617 1057 1655 premissa,
1094 1616 1267 1648 audiendum
1293 1618 1327 1647 &

262 1659 533 1694 determinandum,
551 1657 710 1687 secundum
728 1656 837 1695 Legem
856 1657 890 1687 &
909 1656 1147 1687 consuetudinem
1168 1657 1247 1694 hujus
1268 1655 1329 1686 Re-

261 1699 316 1736 gni
330 1697 451 1735 Anglie,
469 1696 692 1736 Affignatis,per
709 1695 890 1726 Sacramenta
906 1696 1067 1733 proborum
1084 1696 1117 1726 ὃς
1136 1695 1266 1734 legalium
1277 1696 1331 1725 ho-

261 1737 394 1773 minum,
423 1735 460 1766 de
477 1744 599 1773 corpore
618 1734 749 1765 Civitatis
766 1735 912 1772 predicte,
935 1734 1123 1771 presentatum
1151 1735 1221 1772 suit,
1251 1733 1328 1772 quod

260 1773 430 1806 Cuthbertus
449 1773 567 1811 clapton
584 1783 674 1811 nuper
693 1773 729 1803 de
750 1773 865 1804 London
883 1772 1030 1810 Clericus,
1047 1773 1112 1803 alias
1127 1773 1219 1804 dietus
1237 1772 1328 1803 Cuth-

261 1813 355 1844 bertus
374 1816 481 1844 Greene
501 1822 591 1853 nuper
610 1813 645 1842 de
663 1812 781 1842 London
800 1811 951 1849 Clericus,
975 1822 1055 1842 natus
1073 1812 1146 1842 infra
1166 1812 1226 1843 hoc
1245 1811 1327 1849 Reg—

259 1862 333 1883 num
353 1850 456 1889 Anglie
471 1874 482 1889 ,
515 1853 549 1884 &
567 1849 633 1887 post
659 1850 775 1881 Festum
795 1850 892 1881 Sanc'ti
908 1849 1051 1888 Johannis
1070 1851 1195 1890 Bapttste
1208 1873 1216 1888 ‚
1251 1861 1328 1882 anno

261 1890 363 1928 Regni
383 1891 516 1921 Domine
537 1887 706 1920 Elizabethe
722 1899 812 1929 nuper
831 1889 948 1927 Regine
966 1888 1089 1927 Anglie,
1108 1892 1169 1921 &c.
1208 1889 1326 1929 Primo,

260 1930 297 1962 δε
313 1938 378 1959 ante
396 1928 545 1960 decimum
565 1928 642 1959 diem
659 1926 753 1966 Julii,
777 1938 854 1959 anno
876 1928 973 1966 Regni
997 1927 1086 1959 nostri
1105 1928 1222 1959 decimo
1245 1928 1328 1969 septi—

260 1977 332 2005 mo,
347 1968 378 1997 in
398 1967 524 2005 partibus
539 1966 763 2005 Transmarinis,
780 1968 872 1999 factus
890 1968 923 1999 &
941 1968 1085 1998 ordinatus
1105 1968 1263 2006 Sacerdos,
1277 1978 1327 2006 per

259 2006 465 2038 authoritatem
490 2006 646 2037 derivatam
665 2006 698 2036 &
718 2006 872 2044 pretensam
892 2008 908 2037 a
925 2007 992 2036 Sede
1015 2009 1155 2043 Romana,
1184 2007 1277 2044 Leges
1292 2010 1325 2039 ὃ(

261 2045 372 2076 Statuta
388 2045 473 2083 hujus
491 2044 589 2083 Regni
608 2044 696 2074 nostri
713 2046 799 2084 parve
838 2045 960 2083 endenS,
990 2055 1044 2076 nec
1065 2044 1154 2076 Penas
1172 2048 1200 2077 iti
1217 2046 1324 2077 eisdem

259 2092 411 2115 contentas
428 2084 579 2123 aliqualiter
594 2093 709 2121 verenS,
727 2054 858 2122 preditgo
877 2085 996 2115 decimo
1015 2084 1062 2114 die
1077 2085 1169 2123 Julri,
1193 2095 1268 2116 anno
1276 2086 1325 2116 de-

258 2123 343 2153 cimo
360 2121 484 2160 septimo
501 2122 580 2160 supra
598 2122 696 2160 dieto,
716 2133 730 2153 a
749 2125 874 2160 partibus
889 2123 1097 2154 Transmarinis
1117 2124 1266 2163 prediciis,
1293 2126 1324 2155 in

259 2161 320 2192 hoc
341 2160 478 2200 Regnum
497 2161 601 2199 Anglie
613 2161 773 2199 proditorie
793 2164 927 2200 veniens,
952 2161 1035 2201 usque
1053 2162 1088 2193 ad
1107 2164 1223 2193 London
1235 2186 1243 2200 ,
1270 2164 1325 2194 sci-

260 2199 346 2238 licet,
373 2199 459 2238 usque
477 2200 513 2231 ad
539 2199 710 2231 Parochiam
735 2202 832 2231 Sam‘Zi
849 2200 977 2240 Botolphi
998 2209 1075 2232 extra
1100 2201 1268 2240 Aldersgate
1294 2203 1323 2232 in

261 2238 374 2269 warda
387 2239 423 2269 de
440 2236 625 2278 Aldersgate,
639 2238 755 2271 London
775 2240 960 2279 predam&
978 2239 1086 2270 ibidem
1099 2240 1234 2272 videlicet
1248 2241 1323 2278 apud

259 2276 435 2309 Parochiam
452 2277 486 2309 &
500 2277 637 2309 Wardam
654 2278 811 2318 predictas,
828 2279 910 2310 dicto
930 2279 1049 2310 decimo
1067 2279 1113 2309 die
1129 2279 1223 2317 Julii,
1245 2289 1323 2311 anno

261 2316 382 2347 decimo
399 2316 521 2355 septimo
539 2317 617 2355 supra
634 2315 733 2356 dicto,
749 2318 906 2356 proditorie
925 2319 958 2349 &
976 2326 1005 2348 ut
1023 2317 1104 2348 falsus
1120 2317 1252 2349 Proditor
1269 2329 1323 2350 no-

261 2354 317 2385 ster
337 2365 448 2387 moram
465 2356 582 2394 fecerit,
606 2356 692 2387 fuerit
712 2359 745 2388 &
766 2356 948 2395 remanserit,
970 2365 1069 2388 contra
1088 2356 1194 2388 Pacem
1215 2357 1323 2397 nostri,

259 2392 412 2425 Coronam
432 2395 465 2425 ὅτ,
485 2394 669 2432 Dignitatem
688 2395 818 2427 nostras:
843 2396 975 2426 Necnon
995 2404 1097 2427 contra
1117 2395 1243 2426 formam
1262 2397 1324 2428 Sta-

255 2433 314 2464 tuti
334 2434 363 2463 in
383 2434 544 2473 hujusmodi
561 2435 623 2465 casu
643 2432 712 2464 editi
731 2435 764 2465 &
784 2435 889 2473 provisi
903 2458 913 2474 ‚
940 2435 1030 2474 Qiod
1054 2435 1170 2474 quidem
1199 2434 1324 2468 indicta-

260 2481 411 2511 memum,
437 2473 536 2511 prefati
557 2472 712 2511 Justiciarii
727 2496 737 2512 ‚
770 2474 868 2513 postea
891 2474 998 2505 scilicet
1024 2474 1058 2505 ad
1085 2474 1323 2506 deliberationem

259 2510 358 2542 Goale
375 2510 471 2542 nostre
487 2512 523 2542 de
540 2513 678 2550 Newgate
695 2521 802 2544 tentam
823 2523 875 2551 pro
894 2512 1020 2545 Civitate
1045 2513 1160 2543 London
1181 2515 1323 2554 predicta,

259 2549 344 2619 ἓξὲξ
361 2549 560 2620 Zzstssfflss
575 2550 1020 2629 Sissffissm’assopiisscssssui‘
1039 2552 1324 2622 Ξῖἒὲἀέἇὲῗὲῶῗέ

256 2628 356 2671 ptimo
374 2628 454 2667 supra
472 2629 570 2667 dicto,
587 2638 685 2659 coram
702 2601 815 2669 prgfatis
832 2630 977 2659 Edmundo
996 2614 1105 2667 Wight
1125 2629 1238 2668 Milite,
1252 2630 1320 2660 Ma-

254 2675 321 2705 jore
340 2665 476 2699 Civitatis
490 2668 624 2706 London,
641 2668 785 2698 Edwardo
797 2667 947 2708 Bromfield
962 2668 1076 2706 Milite,
1093 2668 1197 2698 Thoma
1214 2670 1320 2699 Gurdi-

256 2717 308 2736 κεν
321 2706 495 2746 Armigero,
514 2707 713 2737 Recordatore
729 2706 865 2738 Civitatis
877 2706 990 2736 London
1000 2730 1008 2745 ,
1022 2711 1142 2737 Henrico
1156 2710 1242 2738 Pratt
1258 2718 1318 2738 uno

253 2745 523 2777 Aldermannorum
540 2745 617 2775 dicte
641 2744 775 2777 Civitatis
789 2746 908 2776 London
923 2746 956 2776 &
972 2746 1031 2777 aliis
1045 2746 1138 2776 Sociis
1157 2746 1210 2776 suis
1229 2746 1317 2785 justi-

251 2785 343 2815 ciariis
355 2784 476 2823 nostris,
492 2785 526 2815 ad
543 2784 669 2815 Goalam
687 2784 814 2815 nostram
830 2784 866 2815 de
882 2786 1021 2823 Newgate
1041 2785 1078 2815 de
1100 2784 1263 2815 Prisonariis
1287 2787 1316 2816 in

250 2824 352 2854 eadem
367 2822 549 2855 existentibus
564 2823 777 2854 deliberandam
798 2823 954 2863 assignatis,
973 2834 1022 2862 per
1045 2832 1144 2854 manus
1164 2824 1222 2854 suas
1243 2834 1315 2862 pro-

250 2863 324 2901 prias
338 2862 564 2894 deliberaverunt
584 2863 614 2892 in
636 2860 756 2893 Curiam
775 2863 1007 2900 terminandum,
1034 2873 1068 2893 ac
1090 2862 1170 2900 super
1193 2863 1259 2893 inde
1276 2863 1311 2894 ad

249 2901 346 2932 Goale
358 2901 593 2932 deliberationem
629 2900 766 2931 redictam
779 2909 892 2932 tentam
910 2911 962 2939 pro
972 2901 1100 2932 Civitate
1113 2902 1228 2931 London
1244 2912 1310 2940 pre-

247 2939 343 2978 dicta,
361 2939 436 2977 apud
449 2938 609 2979 Justice-ha
621 2939 634 2969 l
646 2940 804 2981 predi&atn
821 2941 850 2970 in
864 2940 1009 2972 Parochia
1030 2942 1064 2971 &
1079 2940 1189 2972 Warda
1215 2942 1310 2978 predi-

248 2979 321 3016 ctis,
337 2977 420 3009 dieto
435 2979 481 3008 die
497 2981 646 3017 Mercurii,
664 2979 801 3010 vicesimo
815 2979 914 3016 primo
930 2980 975 3010 die
989 2978 1082 3018 Julii,
1101 2989 1178 3009 anno
1192 2979 1309 3011 decimo

245 3017 368 3054 septimo
383 3016 462 3054 supra
477 3015 576 3055 dicto,
595 3027 696 3048 coram
710 3016 823 3056 prefatis
842 3017 861 3037 ²*
879 3017 1043 3056 justiciariis
1058 3018 1165 3049 ultimo
1182 3020 1308 3050 mentio-

245 3056 334 3092 natis,
353 3055 470 3085 veniens
485 3054 625 3092 predictus
640 3055 806 3086 Cuthbertus
823 3054 938 3096 clapton
951 3057 1014 3087 alias
1029 3059 1147 3095 Greene,
1174 3056 1225 3087 sub
1243 3057 1307 3089 Cu-

243 3093 338 3126 stodia
358 3092 501 3137 Johanm's
522 3093 616 3131 'Dwfi
638 3094 670 3124 &
701 3093 864 3123 Abrahamt'
889 3095 1066 3135 Reynardfim
1088 3095 1306 3126 Vicecomitum

242 3133 377 3165 Civitatis
393 3132 507 3161 London
528 3132 569 3170 (in
587 3142 711 3170 quorum
727 3132 886 3162 custodiam
900 3143 1031 3171 preantea
1049 3143 1081 3164 ex
1100 3135 1186 3164 causis
1206 3135 1303 3171 predi-

241 3173 297 3203 etis
315 3170 485 3203 commissus
499 3171 594 3207 fuerit)
615 3171 649 3201 ad
669 3170 782 3200 Barram
797 3170 900 3201 duetus
915 3173 943 3202 in
968 3173 1081 3210 propria
1099 3173 1215 3210 persona
1237 3173 1302 3211 sua,

239 3212 274 3243 &
287 3210 382 3241 statim
397 3209 433 3240 de
448 3208 585 3247 premissis
600 3210 630 3239 in
646 3208 857 3240 [ndiCtamento
881 3211 1013 3246 predicto
1035 3211 1200 3248 specificans
1223 3211 1302 3251 supe-

240 3251 298 3281 rius
312 3250 339 3279 ei
354 3249 506 3286 impositis,
526 3248 560 3278 ad
577 3248 689 3278 tunc&
705 3248 814 3277 ibidem
829 3248 969 3280 allocutus
983 3250 1102 3287 qualiter
1117 3251 1142 3281 se
1159 3250 1242 3281 vellet
1257 3252 1302 3281 in-

239 3288 276 3318 de
289 3288 460 3326 acquietari3
478 3286 561 3317 Idem
583 3286 748 3317 cuthbertus
768 3285 886 3324 clapton
900 3288 963 3317 alias
983 3292 1087 3318 Greene
1105 3289 1197 3326 dixit,
1222 3289 1302 3327 quod

240 3325 298 3364 ipse
311 3335 371 3355 non
386 3326 441 3356 fuit
454 3325 618 3363 culpabilis,
637 3326 671 3356 &
694 3325 759 3356 inde
772 3325 809 3355 de
832 3325 913 3355 bono
930 3328 963 3358 &
986 3327 1063 3357 malo
1078 3329 1170 3365 posuit
1181 3327 1207 3358 se
1222 3330 1303 3367 super

240 3365 367 3396 Patriam
378 3385 387 3400 ,
408 3363 476 3393 Ideo
487 3363 652 3395 immediate
667 3365 796 3395 venerint
812 3364 878 3394 inde
888 3364 1033 3403 Juratores
1047 3367 1094 3404 qui
1109 3377 1173 3404 nec,
1187 3368 1250 3398 &C.
1267 3369 1303 3400 ad

241 3411 363 3441 recogn.
376 3402 437 3432 &c.
454 3403 513 3440 qui,
525 3403 587 3434 &c.
624 3402 663 3434 Et
676 3402 842 3442 juratorum
855 3404 940 3441 jurati
955 3404 994 3434 illi
1015 3414 1065 3443 per
1084 3406 1205 3443 prefatos
1217 3407 1303 3439 Vice-

241 3442 366 3473 comites
379 3439 414 3471 ad
429 3439 489 3471 hoc
505 3441 678 3479 impanellati
695 3442 729 3473 &
745 3442 837 3473 exacti
843 3452 1003 3481 ,venerunt
1014 3466 1024 3482 ,
1042 3445 1091 3482 qui
1108 3446 1142 3477 &
1157 3447 1305 3479 veritatem

107 3009 130 3043 P
140 3013 207 3044 XX.

126 3053 195 3088 465·

334 3568 387 3600 De
403 3563 573 3609 Conceffione
593 3567 691 3613 Officii
709 3568 890 3604 Willielmo
910 3573 1019 3605 Comiti
1035 3573 1228 3611 Newcastle.

94 3702 176 3734 Ann.
190 3702 233 3733 D.
312 3702 347 3731 H
352 3704 388 3731 A
394 3704 492 3732 RLE
501 3704 536 3740 S,
552 3701 593 3741 by
611 3700 660 3731 the
677 3701 775 3734 Grace
793 3703 831 3734 of
841 3703 911 3736 God
921 3705 1019 3746 ,King
1035 3707 1072 3738 of
1079 3709 1309 3750 Englanagsmt-

119 3741 210 3780 1641,
324 3739 410 3779 land,
425 3743 529 3770 France
546 3740 599 3770 and
618 3740 751 3779 Ireland,
774 3741 920 3774 Defender
937 3746 973 3775 of
989 3748 1038 3777 the
1063 3748 1144 3779 faith
1155 3773 1164 3788 ,
1182 3751 1242 3786 &a

98 3786 158 3811 rat.
190 3791 233 3816 ¹7·
285 3777 339 3808 To
354 3778 392 3809 all
408 3788 440 3810 to
456 3779 559 3810 whom
576 3778 652 3808 theie
669 3779 795 3809 Presenrs
811 3780 878 3810 shall
893 3792 996 3821 come7
1017 3785 1167 3825 Greeting.

97 3824 164 3848 car.
194 3829 218 3847 i.
286 3814 387 3848 Know
403 3817 525 3858 ye‚that
539 3827 584 3847 we
599 3827 626 3846 as
642 3818 707 3847 well
723 3818 769 3847 for
781 3819 835 3848 and
850 3821 880 3849 in
895 3823 1101 3856 confideration
1115 3827 1150 3857 of
1161 3827 1294 3867 thegood

100 3864 128 3893 p.
160 3866 186 3884 2.
247 3856 411 3891 acceptable
427 3856 482 3886 and
496 3855 609 3886 faithful
625 3856 741 3887 Service
757 3856 833 3886 done
850 3854 921 3888 unt'o
939 3860 1002 3899 Us,
1027 3863 1064 3902 by
1081 3875 1136 3896 our
1154 3867 1229 3902 right
1248 3854 1309 3899 tru3

98 3905 127 3927 ῃ.
143 3905 191 3931 ²4·
306 3892 361 3922 and
376 3894 451 3932 right
465 3894 644 3925 welbeloved
661 3894 767 3924 Couiin
792 3896 846 3925 and
873 3895 1063 3939 Counsellor,
1091 3904 1220 3934 Willtam
1244 3906 1309 3937 Earl

244 3901 465 3969 otYNewcastle,
483 3942 511 3963 as
525 3932 570 3962 sor
583 3933 677 3963 divers
689 3935 774 3964 other
787 3934 865 3970 good
881 3933 982 3966 Causes

244 3967 295 3999 Us
313 3967 450 3999 hereunto
464 3972 602 4009 moving,
619 3972 656 4001 of
667 3982 720 4002 our
733 3973 833 4009 special
853 3972 969 4011 Grace,
998 3980 1102 4008 certain
1126 3979 1310 4023 Knowledge

243 4005 301 4038 and
319 4015 395 4035 meer
413 4006 552 4046 Motion,
577 4011 649 4039 have
669 4012 757 4045 given
782 4012 837 4041 and
863 4013 997 4051 granted,
1021 4017 1073 4046 and
1091 4018 1128 4056 by
1151 4019 1228 4051 these
1241 4022 1312 4052 Pie-

241 4046 336 4081 senff,
354 4043 400 4088 for
417 4044 483 4082 Us,
501 4055 552 4075 our
568 4046 650 4077 Heirs
662 4049 717 4079 and
735 4049 917 4089 Succeffors,
937 4052 977 4081 do
998 4054 1065 4090 give
1088 4057 1142 4086 and
1161 4067 1239 4096 grant
1258 4070 1312 4090 un-

245 4082 343 4114 rothe
359 4081 415 4112 said
443 4083 575 4112 William
598 4085 661 4115 Earl
688 4088 724 4116 of
743 4089 852 4118 Newca
877 4088 916 4127 le,
936 4090 986 4120 the
1010 4093 1107 4124 Office
1129 4105 1162 4125 or
1177 4096 1263 4128 Place
1276 4098 1314 4128 of

247 4122 297 4153 the
311 4120 486 4151 Gentlernan
503 4120 541 4150 of
550 4122 599 4153 the
614 4123 715 4155 Robes
728 4124 766 4156 of
773 4135 826 4158 our
860 4127 949 4160 earest
962 4129 1024 4161 Son
1040 4131 1089 4164 the
1104 4132 1209 4167 Prince
1238 4135 1310 4167 with

294 4161 373 4191 rom.
391 4160 448 4190 rx.
466 4161 503 4191 P,
520 4161 581 4191 111.
1214 4157 1225 4174 ’
1271 4174 1310 4207 ,u

997 3938 1051 3968 and
1071 3941 1309 3983 Considerations,

1383 221 1865 267 PUBLICA.
2385 234 2442 275 49

1405 313 1512 341 Donnl
1528 323 1564 342 au
1589 310 1685 342 Palais
1705 311 1737 341 de
1758 313 1795 341 Sa
1818 309 1941 351 Maieste‘
1959 311 1977 340 ὰ
2001 307 2222 345 Westminster,
2240 306 2263 337 le
2275 306 2381 346 fixieme
2397 307 2428 336 de
2450 307 2561 339 Ann.E

1357 348 1456 386 Juillet
1465 373 1474 388 ,
1494 352 1525 380 a'e
1539 350 1595 381 l'an
1611 349 1798 389 dix—ftptierne
1808 350 1843 379 du
1857 353 1946 387 Regne
1959 351 1992 380 de
2008 359 2084 380 notre
2097 346 2257 386 Sereniffime
2273 348 2423 374 souverain

2469 349 2554 385 1641.

1360 387 1493 426 Charles,
1508 398 1560 426 par
1575 389 1606 418 la
1627 391 1713 418 Grace
1735 388 1766 417 de
1791 392 1880 426 Dieu,
1905 393 1955 419 Roi
1981 389 2056 419 d’s-xn
2080 389 2195 424 leterre,
2212 383 2365 420 d'Ecoffe,
2386 383 2422 413 de
2440 388 2488 412 An.
2518 394 2561 418 ¹7-

1359 425 1469 458 France
1487 428 1521 458 &
1537 427 1691 465 d'Jrlande,
1710 426 1865 466 Defenseur
1881 428 1913 457 de
1925 427 1954 457 la
1968 430 2034 466 For,
2052 437 2114 462 ωε.

2082 503 2137 536 Per
2155 502 2244 542 ipsum
2262 499 2387 539 Regem.

2363 580 2403 587 -ι

1357 629 1393 659 de
1407 629 1439 659 &
1456 628 1537 669 super
1552 629 1693 668 premissis
1708 631 1845 668 predictis
1859 628 2031 670 dicendam,
2052 630 2152 668 elec‘ti,
2171 627 2245 659 triati
2267 627 2300 659 δε
2319 627 2426 667 jurati,'

1356 667 1486 697 dixerunt
1504 670 1584 705 super
1598 668 1778 699 Sacramenta
1792 670 1853 707 sua,
1892 670 1949 700 uod
1966 670 2108 708 predicius
2129 667 2292 698 Cuthbertus
2308 667 2427 703 clapton

1356 706 1420 735 alias
1441 708 1544 735 Greene
1562 706 1617 736 fuit
1638 707 1789 744 culpabilis
1812 710 1846 738 de
1863 681 1916 738 aira
1938 709 2101 745 proditione
2124 706 2267 747 predicta,
2287 705 2377 735 modo
2390 705 2426 736 δε

1356 743 1452 773 forma
1466 752 1550 782 prout
1566 745 1595 773 in
1612 743 1826 776 Indictamento
1849 748 1996 785 predicto,
2018 747 2140 784 superius
2164 747 2257 775 verius
2269 754 2338 776 eum
2362 743 2428 783 sup-

1358 781 1482 823 positum
1498 780 1550 811 fuit
1565 805 1574 820 ,
1593 783 1672 822 super
1686 794 1764 822 quo,
1783 785 1846 814 visis
1861 787 1894 817 δε
1913 793 1961 823 per
1987 787 2095 816 curiam
2118 783 2269 815 intelieetis
2290 783 2429 813 omnibus

1358 822 1391 851 ὅ(
1408 820 1521 856 lingulis
1534 821 1688 857 premislis⁷
1707 823 1917 853 consideratum
1934 824 1986 854 fuit
2006 834 2056 862 per
2077 824 2207 860 curiam,
2226 822 2304 860 quod
2330 821 2428 861 predi-

1359 858 1421 888 ctus
1434 858 1601 888 Cuthbertus
1615 859 1731 898 clapton
1748 862 1812 891 alias
1828 863 1931 891 Greene
1952 863 2214 892 recommitteretur
2237 859 2353 891 Prisone
2369 869 2427 890 no-

1356 895 1411 925 stre
1425 898 1461 926 de
1477 898 1617 934 Newgate
1630 903 1706 928 uncie
1723 900 1896 938 venerat,&
1912 901 2020 930 ibidem
2034 900 2113 939 super
2129 899 2239 929 Claiam
2256 907 2425 937 poneretur,

1356 936 1389 966 &
1402 935 1505 964 abinde
1531 935 1634 967 Furcas
1657 938 1693 968 de
1713 937 1836 975 Tyburne
1857 938 2030 977 traheretur,
2049 941 2081 969 &
2103 939 2211 969 ibidem
2237 947 2286 975 per
2302 937 2424 969 Collum

1358 974 1439 1003 suum
1454 973 1677 1041 suspendendum
1688 999 1698 1013 ,
1724 978 1757 1007 ὃς
1773 975 1988 1007 semiviventem
2011 978 2179 1013 dejiceretur
2203 978 2236 1007 ὅ(
2255 977 2336 1014 super
2351 978 2429 1009 Ter-

1359 1021 1420 1040 ram
1437 1015 1500 1053 proi
1515 1022 1665 1052 erneretur,
1677 1015 1708 1044 &
1725 1015 1803 1052 quod
1821 1016 1950 1046 membra
1966 1015 2013 1046 sua
2028 1023 2238 1053 amputarentur
2252 1017 2430 1048 &interiora

1358 1049 1405 1079 sua
1426 1051 1499 1087 (ipio
1516 1052 1641 1089 vivente)
1664 1061 1740 1082 extra
1758 1063 1889 1083 ventrem
1906 1054 1986 1084 suum
2008 1056 2200 1091 traherentur,
2222 1054 2255 1084 ὅ(
2279 1056 2305 1084 in
2322 1054 2428 1093 Ignem

1361 1097 1534 1124 ponerentur
1548 1089 1580 1119 ὃ(
1599 1091 1853 1130 comburerentur,
1879 1096 2012 1132 quodque
2027 1103 2112 1131 caput
2127 1094 2208 1123 suum
2223 1102 2430 1133 amputaretur,

1363 1127 1395 1171 ὅξ
1412 1127 1491 1164 quod
1506 1136 1607 1167 corpus
1625 1129 1682 1166 ejus
1699 1130 1728 1159 iii
1744 1138 1865 1168 quatuor
1882 1141 1970 1168 partes
1993 1132 2185 1169 divideretur,
2205 1133 2239 1163 &
2264 1133 2339 1169 quod
2357 1141 2428 1163 tunc

1362 1165 1458 1201 caput
1482 1166 1516 1196 &
1544 1167 1693 1202 Quarteria
1714 1167 1757 1198 sua
1776 1177 1948 1205 ponerentur
1972 1171 2021 1200 ubi
2047 1181 2099 1201 nos
2114 1170 2247 1209 assignare
2268 1170 2406 1202 vellemus
2420 1193 2432 1210 ,

1361 1211 1446 1246 prout
1462 1213 1511 1246 per
1528 1204 1698 1235 Recordum
1716 1206 1782 1236 inde
1803 1208 1908 1244 plenius
1923 1217 2045 1246 apparet.

1398 1240 1499 1272 Seiatis
1515 1244 1593 1280 quod
1608 1243 1676 1273 Nos
1693 1244 1728 1275 de
1743 1245 1829 1282 gratia
1843 1246 1941 1276 nostra
1955 1247 2064 1283 speciili
2075 1270 2083 1285 ‚
2103 1258 2137 1278 ac
2161 1246 2238 1278 certa
2258 1247 2373 1278 scientia
2394 1249 2430 1280 δε

1363 1289 1444 1309 mero
1460 1290 1542 1311 motu
1557 1281 1674 1320 nostris,
1692 1282 1934 1323 Pardonaviiiius,
1953 1287 2109 1317 remisimus
2122 1288 2154 1317 ὅ(
2177 1287 2378 1324 relaxavimus,
2396 1295 2432 1318 ac

1363 1327 1414 1356 per
1434 1320 1587 1358 presentes,
1613 1331 1666 1358 pro
1689 1321 1808 1360 Nobis,
1835 1322 1996 1354 Heredibus
2015 1325 2049 1356 &
2073 1325 2289 1355 Successoribus
2310 1325 2432 1363 nostris,

1365 1357 1581 1399 Pardonamus,
1599 1361 1773 1390 remittimus
1788 1362 1821 1392 ὃ(
1839 1362 1995 1392 relaxamus
2011 1363 2120 1400 prefato
2143 1363 2290 1392 cuthberto
2316 1363 2434 1398 clapton

1365 1395 1431 1439 alia-s
1447 1398 1571 1435 Greene,
1588 1398 1633 1428 seu
1650 1409 1826 1439 quocunque
1841 1401 1897 1431 alio
1912 1402 2034 1432 nomine
2049 1402 2097 1431 vel
2111 1403 2312 1438 cognomine,
2329 1402 2435 1432 autad-

1367 1433 1478 1464 ditione
1500 1437 1626 1478 nominis
1650 1438 1696 1468 vel
1719 1440 1926 1478 cognominis,
1953 1440 2028 1471 idem
2049 1440 2216 1470 cuthbertus
2239 1439 2355 1477 clapton
2371 1440 2437 1470 alias

1368 1474 1474 1514 Greene
1493 1476 1611 1512 ieiatur,
1638 1477 1800 1514 censeatur,
1827 1488 1948 1509 vocetur
1970 1480 2026 1510 live
2050 1489 2247 1516 nuncupetur,
2274 1488 2321 1508 aur
2347 1488 2438 1516 nuper

1368 1509 1524 1547 sciebatur,
1548 1513 1732 1556 censebatur,
1762 1517 1919 1548 vocabatur
1941 1518 1996 1548 sive
2016 1519 2248 1556 nuncupibatur,
2276 1516 2438 1555 predictam

1370 1549 1566 1584 proditionem
1584 1561 1613 1581 in
1630 1551 1843 1584 indictamento
1861 1556 1991 1592 predicto
2006 1556 2437 1594 specificatam,mentionatam

1371 1586 1404 1616 &
1421 1596 1589 1631 contentam
1600 1612 1610 1627 ,
1629 1591 1662 1620 &
1675 1593 1775 1622 omnia
1788 1594 1822 1623 &
1837 1593 1944 1629 lingula
1958 1596 2008 1624 alia
2021 1593 2129 1625 offensa
2145 1596 2177 1626 ὅ(
2200 1594 2348 1625 malefacta
2366 1606 2439 1633 que-

1373 1634 1503 1668 cunque,
1520 1636 1549 1656 in
1564 1629 1669 1659 eodem
1692 1629 1908 1662 indictamento
1931 1634 2104 1663 mentionata
2129 1633 2184 1663 sive
2207 1643 2361 1671 contenta,
2387 1645 2439 1672 per

1371 1664 1465 1711 ipsum
1483 1664 1663 1697 cuthbertum
1689 1669 1806 1707 Clapton
1829 1671 1892 1701 alias
1915 1673 2019 1701 Greene
2041 1681 2091 1709 per
2112 1671 2139 1701 se
2164 1672 2270 1709 solum,
2290 1674 2345 1703 five
2367 1683 2438 1705 cum

1370 1704 1533 1747 aliqua-alia
1553 1707 1688 1744 persona,
1713 1708 1769 1738 iive
1791 1709 1931 1747 aliquibus
1951 1710 2008 1741 aliis
2031 1711 2173 1750 personis,
2199 1712 2320 1742 antehac
2344 1711 2438 1751 faeta,

1371 1742 1524 1772 commissa
1539 1744 1594 1774 sive
1610 1755 1778 1789 perpetrata,
1797 1757 1897 1778 contra
1919 1749 2001 1787 Nos,
2021 1748 2172 1780 Coronam
2193 1753 2226 1782 &
2253 1751 2437 1788 Dignitatem

1371 1783 1495 1827 nostras,
1514 1791 1560 1812 aut
1572 1793 1673 1815 contra
1687 1788 1811 1816 toi-mam
1827 1788 1860 1817 ὃς
1876 1787 2015 1818 effectum
2029 1789 2146 1826 alicuius
2160 1789 2262 1820 Statuti
2270 1791 2315 1821 vel
2323 1791 2437 1828 aliquo-

1371 1828 1434 1848 rum
1450 1820 1626 1851 bratutorum
1644 1824 1688 1854 vel
1704 1824 1783 1854 aliter
1797 1824 1871 1856 faeta
1888 1827 1943 1857 sive
1957 1828 2126 1865 commissa,
2143 1838 2177 1858 ac
2197 1829 2304 1867 Fugam
2321 1830 2355 1860 &
2380 1829 2437 1860 Fu-

1371 1865 1419 1896 gas
1432 1861 1581 1906 superinde
1597 1862 1701 1900 iactas,
1727 1863 1793 1894 licet
1809 1865 1887 1894 idem
1912 1865 2079 1895 cuthbertus
2099 1866 2217 1906 clapton
2233 1869 2296 1899 alias
2313 1870 2417 1897 Greene
2428 1891 2441 1906 ,

1372 1898 1409 1940 de
1423 1900 1561 1943 predictis
1573 1899 1757 1940 Proditione,
1774 1902 1898 1934 Offeniis
1912 1905 1944 1935 ὃ(
1963 1905 2142 1944 Malefaclis,
2160 1906 2217 1936 five
2233 1907 2270 1937 de
2292 1916 2393 1936 eorum
2409 1917 2441 1937 a·
2458 1941 2460 1943 ,

1370 1935 1452 1974 liquo
1468 1936 1512 1967 vel
1529 1938 1683 1978 aliquibus,
1700 1940 1891 1980 adiudicatus,
1910 1943 2079 1981 indidimus,
2097 1945 2258 1983 impetitus,
2273 1945 2438 1984 appellatus,

1371 1976 1521 2018 utlagatus,
1540 1978 1766 2018 condemnatus,
1786 1982 1955 2019 convietus,
1972 1983 2103 2014 attinctus
2119 1985 2174 2014 live
2193 1984 2368 2021 adjudicatus
2382 1994 2436 2014 ex-

1370 2012 1427 2056 istit
1443 2015 1486 2057 vel
1503 2025 1564 2058 non
1580 2017 1688 2055 existit,
1707 2028 1754 2049 aut
1777 2020 1841 2050 inde
1858 2021 2004 2060 indiciari,
2022 2022 2138 2059 rectam
2157 2022 2293 2062 utlagari,
2312 2023 2435 2060 appella-

1370 2061 1410 2089 ri,
1435 2061 1552 2097 attingi,
1576 2056 1766 2087 condemnari
1789 2058 1845 2090 sive
1868 2060 1984 2099 utlagari
2010 2063 2165 2098 contigerit
2189 2063 2219 2091 in
2245 2061 2363 2099 futuro,
2393 2063 2439 2092 Ac

1370 2100 1468 2135 omnia
1483 2093 1516 2124 ὃς
1532 2095 1634 2133 lingula
1649 2094 1811 2139 Utlagaria,
1830 2097 1850 2127 si
1866 2108 1922 2136 que
1936 2099 2026 2130 versus
2046 2100 2137 2139 ipsum
2156 2100 2335 2130 Cuthbertum
2353 2100 2439 2140 clap-

1370 2135 1418 2158 ton
1433 2130 1496 2161 alias
1511 2134 1633 2174 Greene,
1652 2144 1763 2165 ratione
1777 2137 1902 2173 prediCte
1925 2138 2094 2176 proditionis
2119 2140 2161 2170 vel
2185 2139 2363 2170 offensorum
2388 2139 2436 2170 vel

1369 2178 1472 2198 eorum
1487 2169 1672 2216 aliquorum,
1693 2175 1873 2211 promulgata
1892 2176 1997 2206 fuerint
2017 2178 2061 2207 vel
2086 2178 2279 2215 imposterum
2303 2178 2436 2216 promul-

1371 2208 1482 2252 ganda,
1508 2209 1554 2239 Ac
1576 2220 1678 2241 omnia
1697 2212 1813 2250 judicia
1834 2216 1867 2245 ὅ(
1887 2216 2032 2253 judicium
2047 2227 2101 2253 pro
2117 2217 2256 2254 premissis
2275 2219 2318 2248 vel
2335 2218 2435 2255 aliquo

1369 2247 1693 2292 premissorum,-versus
1706 2252 1847 2288 prefatum
1856 2253 2036 2284 Cuthbertum
2051 2256 2166 2294 clapton
2182 2257 2244 2286 alias
2257 2260 2359 2286 Greene
2369 2256 2436 2286 red-

1369 2285 1426 2315 dita
1439 2287 1496 2316 live
1509 2287 1666 2331 adjudicata
1675 2313 1691 2332 ,q
1703 2291 1843 2322 reddenda
1868 2293 1923 2323 sive
1944 2294 2147 2334 adjudicanog,
2171 2305 2202 2325 ac
2222 2295 2435 2325 Executionein

1371 2323 1404 2353 δε
1420 2323 1716 2371 Esecutionesyerius
1732 2332 1856 2361 eundem
1865 2332 2043 2362 cuthbertum
2054 2333 2171 2371 clapton
2185 2334 2248 2365 alias
2262 2337 2437 2373 Greme,pro

1370 2364 1511 2399 premiffis
1524 2366 1568 2396 vel
1582 2366 1678 2404 aliquo
1691 2368 1892 2406 premifforum
1902 2395 1911 2409 ,
1925 2371 2071 2410 habenda,
2089 2372 2220 2403 facienda
2231 2373 2277 2403 vel
2292 2382 2437 2411 exequen-

1370 2400 1426 2440 da,
1445 2403 1512 2435 Nec
1529 2415 1588 2449 non
1604 2405 1694 2437 Penas
1711 2408 1835 2447 Mortis,
1855 2410 1944 2440 Penas
1960 2412 2137 2451 corporales,
2158 2412 2374 2450 Forisfatsturas,
2385 2411 2436 2441 Fi-

1370 2449 1437 2480 nes,
1456 2441 1713 2489 Imprilonamenta
1723 2472 1732 2485 ‚
1756 2447 1919 2479 Punitiones
1936 2450 2097 2487 corporales
2109 2474 2119 2488 ,
2135 2460 2168 2481 ac
2182 2455 2284 2481 omnes
2296 2452 2361 2482 alias
2375 2450 2436 2480 Pe·-

1369 2488 1434 2523 nas,
1449 2481 1635 2526 PenalitateS,
1652 2485 1962 2526 Forisfatsturas,Fines
1978 2489 2010 2519 &
2029 2488 2220 2520 Executiones
2237 2490 2431 2528 quascunque,

1369 2522 1459 2564 verius
1475 2521 1568 2562 ipsum
1592 2523 1772 2566 Cuthbertum
1792 2526 1907 2564 clapton
1929 2527 1993 2558 alias
2016 2530 2137 2564 Greme,
2152 2529 2350 2559 occasionibus
2366 2537 2431 2564 pre-

1366 2556 1451 2589 dietis
1469 2562 1514 2604 leti
1526 2571 1625 2591 earum
1639 2563 1866 2605 aliquassenda,
1881 2566 2030 2605 habenda,
2046 2567 2092 2598 vel
2104 2568 2281 2606 exequenda,
2295 2568 2431 2598 Senam-

1365 2598 1519 2643 que-Pacis
1534 2599 1649 2639 nostre,
1674 2612 1729 2639 que
1743 2605 1776 2632 ad
1793 2603 1879 2643 Nos,
1894 2604 2022 2635 Heredes
2036 2605 2080 2635 vel
2092 2605 2272 2636 Successoies
2298 2606 2430 2644 nostros,

1364 2639 1458 2680 verius
1481 2638 1571 2675 ipsum
1594 2638 1773 2670 Cuthbertum
1790 2641 1905 2682 Clapton
1925 2644 1990 2674 alias
2005 2646 2124 2682 Greene,
2151 2645 2349 2675 occasionibus
2366 2654 2430 2682 pre-

1364 2674 1448 2706 dictis
1460 2677 1506 2708 seu
1521 2688 1617 2708 earum
1636 2679 1727 2717 aliqua
1744 2683 1864 2719 pertinet
1878 2681 1925 2712 seu
1943 2683 2084 2719 pertinere
2106 2684 2228 2722 poterit,
2251 2683 2288 2714 Et
2311 2683 2426 2714 firmam

1364 2712 1473 2744 Pacem
1488 2716 1615 2759 nostram
1633 2719 1726 2748 eidem
1743 2719 1910 2749 Cuthberton
1926 2721 2041 2759 clapton
2053 2722 2228 2752 aliasGreene
2245 2723 2311 2753 inde
2324 2724 2428 2753 damus

1361 2752 1400 2799 &a
1418 2755 1608 2797 concedimus
1621 2766 1672 2799 per
1686 2758 1840 2794 presentes:
1865 2759 1907 2791 lta
1919 2768 2028 2798 tamen,
2049 2761 2129 2799 quod
2145 2760 2197 2790 ster
2209 2761 2302 2791 rectus
2316 2763 2343 2791 in
2361 2761 2429 2792 Cu-

1361 2801 1405 2822 ria
1421 2793 1562 2838 nostrast}
1578 2804 1641 2833 quis
1653 2796 1745 2826 versus
1763 2808 1830 2828 eum
1844 2799 1924 2838 loqui
1944 2800 2065 2830 voluerit
2087 2799 2123 2830 de
2145 2800 2281 2836 premiilis
2306 2800 2350 2830 vel
2373 2801 2426 2830 ali-

1359 2839 1418 2867 quo
1434 2833 1653 2877 premiflorum3
1677 2834 1709 2864 N
1714 2836 1840 2876 olentes,
1860 2839 1937 2877 quod
1953 2838 2031 2867 idem
2047 2837 2213 2868 Cuthbertus
2227 2838 2343 2878 clapton
2359 2840 2425 2869 alias

1357 2870 1524 2915 Greenelper
1541 2871 1748 2914 vicecomites,
1768 2876 1952 2915 justitiarios,
1970 2876 2152 2914 Escaetores,
2178 2877 2297 2908 Ballivos
2315 2878 2373 2908 live
2389 2888 2422 2908 a-

1356 2906 1409 2938 lios
1426 2908 1575 2941 Ministros
1596 2914 1728 2954 noitrOS,
1748 2917 1942 2946 occaiionibtis
1959 2915 2091 2955 predictis
2115 2915 2170 2945 sive
2192 2926 2290 2947 earum
2311 2917 2418 2958 aliqua,

1357 2947 1543 2993 molestetur,
1567 2954 1762 2983 occasionetur
1785 2955 1829 2984 vel
1849 2955 2025 2993 perturbetur
2049 2956 2076 2984 in
2091 2954 2185 2993 aliquo
2202 2956 2245 2984 seu
2269 2964 2419 2995 gravetur,

1352 2985 1420 3017 licet
1441 2988 1518 3018 idem
1540 2989 1705 3020 Cuthbertus
1719 2992 1835 3031 claptort
1849 2994 1912 3024 alias
1926 2997 2030 3023 Greene
2044 3003 2103 3022 non
2127 2994 2250 3024 inveniat
2271 2993 2417 3025 sufficien-

2440 425 2503 452 Car.
2526 432 2553 451 ι.

1353 3032 1413 3055 tem
1432 3026 1623 3066 securitatem,
1645 3033 1658 3044 ·
1679 3032 1756 3068 juxta
1774 3032 1897 3063 sormam
1912 3033 1944 3062 &
1959 3031 2099 3063 effectum
2117 3032 2262 3069 cujusdam
2279 3033 2368 3063 Astus
2383 3034 2414 3064 in
2451 3044 2466 3061 a
2481 3045 2548 3076 XX·

1351 3063 1707 3109 Parliament0„Domini
1723 3071 1862 3100 Edwardi
1870 3081 1961 3108 nuper
1978 3071 2067 3108 Regis
2083 3071 2185 3107 Anglie
2201 3072 2290 3110 tertii,
2300 3072 2413 3108 Proge-

1351 3111 1452 3134 nitoris
1474 3103 1563 3147 nostri
1579 3127 1588 3141 ‚
1613 3115 1689 3136 anno
1711 3107 1805 3146 Regni
1827 3109 1866 3139 sui
1888 3110 2005 3140 decimo
2021 3134 2030 3147 ,
2057 3110 2129 3148 apud
2153 3109 2412 3150 Wstmonaflerium

1349 3150 1449 3178 tento,
1468 3142 1535 3173 editi
1549 3141 1585 3172 de
1601 3142 1626 3172 se
1646 3145 1718 3175 bene
1733 3148 1877 3185 gerendo,
1900 3157 1933 3178 ex
1956 3158 2034 3177 nunc
2051 3157 2118 3181 erga
2136 3148 2219 3188 Nos,
2238 3148 2367 3181 Heredes
2381 3151 2416 3183 ὃς

1347 3179 1530 3212 Succeffores
1549 3181 1659 3212 nostros
1674 3185 1707 3215 ὃς
1720 3185 1863 3217 cunctum
1879 3186 2024 3224 Populum
2035 3186 2177 3218 nostrum.

1386 3259 1421 3290 In
1439 3260 1519 3298 cujus
1533 3262 1589 3300 rei,
1607 3262 1670 3294 &c-

1385 3336 1475 3370 Teste
1492 3338 1578 3379 Rege
1594 3339 1669 3380 apud
1686 3339 1965 3382 Wstmonasterium,
1975 3342 2114 3375 vicesimo
2127 3341 2236 3375 octavo
2250 3342 2298 3374 die
2312 3342 2398 3383 Julii,

2028 3422 2082 3450 Per
2099 3417 2183 3459 ipsum
2202 3423 2311 3459 Regem.

1353 3575 1549 3611 Conceffion
1572 3576 1653 3612 d'un
1682 3576 1793 3613 Office
1817 3589 1905 3670 possl
1924 3579 2099 3612 Guillaume
2123 3581 2242 3616 Comte
2257 3580 2296 3617 de
2312 3586 2411 3628 Now-A

1834 3639 1869 3659 ca
1904 3639 1929 3660 e·

1422 3711 1454 3742 H
1467 3712 1491 3742 A
1502 3709 1533 3742 R
1544 3711 1570 3742 L
1580 3711 1605 3742 Ε
1615 3712 1652 3750 S,
1666 3719 1721 3750 par
1733 3711 1763 3741 la
1775 3713 1862 3741 Grace
1874 3711 1906 3741 de
1923 3714 2012 3750 Dieu,
2031 3715 2082 3744 Roi
2103 3713 2303 3757 d’Angleterre
2312 3741 2321 3757 ,
2341 3718 2413 3752 d'Ev

1433 3751 1536 3788 cesse,
1552 3751 1583 3780 de
1600 3751 1706 3780 France
1721 3749 1759 3784 ὠ·
1774 3750 1928 3789 d'Irlande,
1950 3751 2100 3791 Deflnseur
2115 3755 2147 3784 a'e
2160 3753 2189 3785 la
2205 3760 2266 3794 Foi,
2286 3758 2347 3794 &aa

1388 3792 1425 3819 A
1438 3798 1497 3819 tous
1510 3800 1574 3818 ceux
1588 3789 1607 3819 ἃ
1625 3792 1670 3829 qui
1684 3788 1721 3818 les
1737 3789 1874 3826 Pre‘fi’ntes
1887 3792 2107 3829 parviendront,
2123 3794 2213 3824 Salat.

1386 3828 1492 3858 Sachez
1503 3839 1553 3867 que
1567 3838 1642 3865 nous,
1650 3834 1715 3856 tant
1730 3839 1763 3856 en
1776 3828 1969 3866 consideration
1984 3830 2028 3859 des
2044 3831 2123 3869 bons,
2141 3833 2279 3869 agreables
2293 3836 2330 3871 ὠ
2343 3837 2413 3876 fidon

1350 3865 1389 3897 les
1402 3870 1523 3896 ¹<ervit-es
1557 3877 1587 3894 ue
1597 3876 1661 3895 nous
1677 3877 1695 3894 a
1704 3866 1802 3896 rendus
1816 3874 1895 3896 notre
1909 3868 1966 3897 tres*
1979 3868 2058 3905 fidele
2072 3870 2110 3905 ὠ·
2124 3873 2183 3900 tre‘s
2191 3873 2413 3905 baen-asme‘Cou-

1344 3905 1392 3945 fin
1410 3905 1448 3940 &
1464 3877 1610 3943 Consgller
1626 3904 1791 3935 Guillaume
1806 3908 1897 3934 Comte
1908 3907 1939 3936 de
1949 3907 2115 3939 Newcastie
2125 3933 2135 3947 ,
2144 3922 2194 3948 que
2203 3920 2271 3950 pour
2286 3914 2413 3953 plusteurs

1352 3952 1447 3973 autres
1463 3941 1560 3972 bonnes
1575 3940 1665 3981 caufts
1679 3941 1718 3976 ό·
1732 3942 1935 3983 confide‘rations
1948 3951 1994 3985 qui
2010 3957 2074 3976 nous
2085 3957 2221 3984 portenta
2235 3953 2291 3980 cela
2301 3955 2348 3989 ,de
2363 3963 2413 3980 no-

1354 3989 1397 4011 tre
1411 3992 1491 4019 grace
1502 3979 1629 4021 spe‘ciale,
1649 3982 1826 4020 connoiffiznce
1840 3987 1959 4014 certai::e
1975 3985 2012 4020 ό
2027 3987 2059 4015 de
2071 3995 2149 4016 notre
2162 3996 2214 4024 pur
2225 3997 2394 4018 mouvement
2404 4013 2415 4028 ²

1356 4031 1445 4050 avons
1460 4019 1552 4049 donne‘
1567 4016 1605 4052 ὠ
1627 4021 1752 4058 accora'e,
1784 4020 1822 4056 ῤ’
1833 4032 1888 4062 par
1902 4022 1939 4052 les
1955 4024 2096 4061 Pre'sentes
2104 4035 2174 4064 pour
2200 4037 2278 4063 nous,
2297 4039 2344 4057 nos
2359 4030 2420 4058 Ηί-

1354 4063 1446 4089 ritiers
1468 4055 1506 4092 ὀ·
1525 4058 1701 4096 SucceJJeurs,
1718 4059 1839 4090 donnons
1859 4060 1898 4096 ὠ·
1921 4063 2062 4091 accordvns
2083 4075 2118 4092 au
2136 4063 2227 4102 fitfiiit
2251 4065 2418 4097 Guillaume

1353 4102 1446 4128 Comte
1462 4099 1494 4127 de
1505 4096 1537 4126 N
1540 4096 1670 4126 ewcaitle
1685 4095 1731 4127 I‘O
1763 4098 1833 4132 ce&
1843 4100 1923 4129 Place
1932 4103 1963 4129 de
1973 4106 2172 4131 (Jentnlwmme
2180 4103 2211 4130 a'e
2225 4102 2253 4131 la
2262 4105 2421 4135 Garderobe

1352 4141 1387 4171 de
1400 4145 1479 4169 notre
1493 4134 1553 4165 tres
1571 4133 1632 4165 ther
1646 4135 1702 4166 Frls
1731 4147 1745 4166 e
1759 4138 1874 4208 Prmg,
1892 4148 1963 4170 avec
1975 4145 2035 4170 tous
2052 4138 2090 4169 les
2107 4143 2241 4179 Saluum,
2251 4141 2364 4181 Profits,
2378 4146 2427 4173 A-

2351 4191 2428 4212 ‘van‘

2463 3086 2532 3122 4⁶⁶2
