2561 4263
0 229 54 251 .nn.
71 217 113 248 D.

5 259 96 296 '1637.

0 302 33 324 [η.
57 305 100 332 ¹3-

0 341 44 363 ἰν.
58 345 81 361 i.

24 399 70 427 35-

30 828 74 857 34·

43 1294 86 1323 33-

16 1554 114 1585 ⁰XX.

0 1603 68 1630 ²¹9-

40 1876 86 1905 32.

46 2333 91 2362 31.

56 3213 101 3240 29·

59 3674 104 3704 28.

129 161 209 200 ¹44
619 136 1200 183 CONVENTIO

165 231 256 264 Teste
274 231 358 271 Rege
372 227 445 270 apud
462 226 739 268 Wstmonaslerium,
763 227 858 267 primo
874 225 920 256 die
936 223 1112 255 Novembris.

575 306 629 334 Per
644 305 738 333 Breve
751 303 783 333 de
799 304 920 333 Privato
935 300 1043 340 Sigillo,
1059 299 1123 335 &a

170 386 259 417 Guido
277 384 423 421 Carleton,
442 381 588 419 Clericus,
610 380 645 411 A.
665 378 712 410 M.
730 379 816 421 habet
837 378 1001 410 consimiles
1019 378 1130 412 Literas
1147 376 1202 420 Pa·

133 431 222 457 tentes
247 425 283 455 de
307 422 508 462 presentatione
535 419 570 449 ad
594 418 763 449 Rectoriam
793 419 849 447 sive
867 417 1026 448 Ecclesiam
1045 415 1199 459 Parochia-

133 462 191 495 lem
221 464 257 494 de
277 461 428 499 Cathorpe,
456 458 587 489 Diocesis
604 456 763 493 Lincolnie,
783 456 843 493 jam
866 456 1006 494 legittime
1026 455 1060 485 &
1082 454 1118 484 de
1138 463 1201 491 jure

132 511 302 538 vacantem,
320 501 351 531 δε
371 499 405 529 ad
425 496 551 527 nostram
571 496 805 533 presentationem
828 493 913 531 pleno
926 494 989 531 jure
1006 494 1023 524 s
1036 493 1202 530 cenarem,

133 542 172 573 Et
192 541 352 577 diriguntur
372 538 407 567 he
426 536 522 566 Litere
546 534 675 565 Patentes
698 531 950 562 Reverendiilimo
963 533 994 562 in
1041 530 1131 561 hristo
1150 531 1201 561 Pa-

134 581 171 612 tri
185 590 219 610 ac
237 577 373 609 Domino
390 574 524 605 Domino
537 572 679 609 Gulielmo,
696 569 877 608 providentia
893 570 994 602 divina
1008 568 1199 609 Cantuarienfi

133 616 379 654 Archi-episcope,
398 613 461 643 &c-
672 650 678 655 ⁵
815 647 821 653 .
915 648 920 653 ι
1093 650 1097 654 -

171 655 261 688 Teste
276 653 358 692 Rege
373 650 448 689 apud
462 647 740 689 Wllmonallerium,
758 645 876 679 decimo
891 646 939 678 die
955 647 1107 678 Februarii.

615 722 670 755 Per
689 727 782 755 Breve
795 724 828 755 de
844 726 968 755 Privato
982 721 1163 763 Sigillo,&c.

174 807 307 839 Robertus
333 808 416 835 Dove
430 825 440 842 ,
466 801 598 833 Clericus
612 824 623 840 ,
650 801 686 833 A.
712 801 758 832 M.
784 802 870 833 habet
909 801 1070 832 consimiles
1098 799 1204 832 Literas

137 848 269 879 Patentes
288 845 324 875 de
348 843 554 883 presentatione
568 840 603 871 ad
628 840 800 872 Redioriam
828 839 954 870 Ecclesie
972 840 1138 879 parochialis
1166 839 1202 869 de

139 884 286 917 Merwood
307 881 372 914 alias
395 879 563 918 Marwood‚
580 880 608 909 in
626 878 776 910 Comitatu
792 881 918 909 Devonie
952 878 1084 909 Diocesis
1106 879 1140 910 δε
1152 877 1201 915 ju-

137 922 309 955 risdietionis
334 922 461 957 Exonie,
484 919 545 956 jam
567 926 735 955 vacantem,
761 917 795 948 &
819 918 855 948 ad
874 901 999 960 noiiram
1018 917 1200 960 presentatio-

137 972 226 1000 nem,
243 961 300 992 five
321 968 370 997 per
393 957 517 997 Lapsum
539 957 692 993 temporis,
711 956 768 986 sive
792 965 842 993 per
861 964 1034 993 pravitatem
1052 954 1203 993 Simonie,

137 1001 186 1032 vel
206 1000 265 1030 alio
287 1007 460 1037 quocunque
487 994 578 1025 modo
599 1004 654 1031 pro
678 995 733 1025 hac
751 995 816 1025 vice
830 993 1006 1031 spectantem
1026 1005 1036 1031 3
1073 993 1110 1024 Et
1136 993 1204 1023 diri-

136 1046 240 1080 guntur
266 1037 303 1067 he
330 1036 423 1066 Litere
451 1035 579 1065 Parentes
599 1032 774 1064 Reverendo
791 1033 821 1063 iri
841 1031 964 1063 Christo
987 1032 1064 1064 Patri
1082 1042 1116 1063 ac
1135 1031 1203 1063 Do-

137 1079 221 1109 mino
238 1074 373 1114 Josepho,
392 1071 574 1112 permissione
589 1071 688 1102 divina
707 1073 815 1101 Exonie
835 1071 988 1109 Episcopo.

174 1114 265 1148 Teste
276 1114 358 1153 Rege
374 1111 448 1151 apud
464 1108 743 1150 Westmonaslerium,
760 1120 861 1150 quarto
880 1108 926 1141 die
945 1109 1096 1141 Februarii.

603 1185 658 1219 Per
676 1190 770 1220 Breve
787 1189 820 1219 de
837 1190 959 1220 Privato
976 1187 1086 1227 Sigillo,
1105 1185 1170 1223 ὠς.

178 1270 325 1311 Johannes
342 1267 456 1306 Gaudy,
475 1266 623 1304 Clericus,
641 1265 677 1296 A.
697 1265 745 1296 M.
760 1265 845 1297 habet
858 1265 1019 1297 consimiles
1036 1264 1141 1296 Literas
1155 1263 1208 1295 Pa-

140 1318 231 1343 rentes
251 1310 287 1340 de
309 1307 513 1348 presentatione
535 1306 570 1336 ad
588 1305 729 1337 Vicariam
752 1304 808 1335 five
823 1303 983 1335 Ecclesiam
1006 1303 1205 1335 Parochialem

139 1351 177 1381 de
196 1347 280 1379 South
298 1351 400 1385 Brent,
418 1344 549 1376 Diocesis
562 1344 617 1374 sive
632 1343 828 1381 jurisdictionis
844 1345 965 1381 Exonie,
982 1344 1039 1381 jam
1059 1352 1107 1380 per
1127 1352 1207 1372 mor-

140 1398 202 1420 tem
218 1386 372 1418 naturalem
392 1384 485 1415 ultimi
502 1383 699 1414 incumbentis
717 1381 826 1412 ibidem
846 1391 1017 1419 vacantem,
1040 1382 1073 1412 &
1099 1381 1133 1412 ad
1152 1391 1206 1411 no-

142 1427 228 1458 stram
249 1424 504 1464 presentationem,
529 1432 564 1452 eo
581 1421 660 1458 quod
680 1420 846 1451 Advocatio
864 1420 991 1451 Ecclesie
1017 1419 1141 1457 prediAEte
1157 1429 1206 1458 per

143 1474 269 1497 mortem
294 1461 440 1494 Willielmi·
457 1464 568 1491 Domini
584 1462 681 1497 Perre,
697 1460 745 1497 qui
761 1467 890 1497 tempore
903 1460 998 1489 obitus
1013 1459 1052 1488 sui
1065 1460 1154 1489 tenuit
1168 1458 1206 1489 de

145 1504 228 1542 Rege
246 1504 275 1533 iti
300 1501 403 1539 Capite
427 1510 477 1537 per
498 1500 653 1530 Servitium
675 1497 821 1535 Militare,
840 1499 868 1527 in
885 1498 1014 1527 manibus
1030 1496 1134 1528 nostris
1144 1497 1204 1535 jam

146 1543 256 1580 existit,
276 1541 333 1571 sive
367 1549 400 1570 to
418 1538 562 1569 *defectu
578 1536 751 1567 liberationis
772 1536 838 1566 inde
859 1537 985 1573 sumpte,
1003 1536 1048 1566 vel
1062 1536 1119 1566 alio
1135 1545 1208 1574 quo-

147 1590 262 1619 cunque
287 1589 317 1610 m
358 1588 378 1609 o
397 1587 451 1616 pro
473 1578 527 1608 hac
545 1576 610 1607 vice
625 1575 814 1613 speslantem3
833 1573 870 1605 Et
886 1574 1042 1613 diriguntur
1060 1573 1097 1605 he
1114 1573 1211 1605 Litere

147 1620 279 1651 Parentes
297 1616 474 1649 Reverendo
492 1617 520 1645 in
541 1613 659 1645 Christo
677 1612 753 1644 Patri
770 1623 804 1644 ac
825 1611 961 1644 Domino
981 1612 1098 1652 Josepho
1114 1635 1126 1652 ,
1147 1622 1209 1652 per-

147 1657 280 1690 misiione
298 1655 398 1688 divina
416 1657 523 1684 Exonie
542 1652 686 1690 Episcopo
907 1690 911 1695 ⁵

185 1695 274 1728 Teste
290 1694 373 1735 Rege
386 1694 460 1732 apud
479 1691 757 1732 Wsi‘monasterium,
774 1690 871 1728 primo
883 1689 930 1721 die
945 1689 1095 1720 Februarii.

623 1771 678 1799 Per
692 1771 785 1798 Breve
802 1768 834 1797 de
850 1769 972 1798 Privato
979 1767 1097 1807 *Sigillo,
1114 1765 1176 1803 &a

187 1854 277 1883 Lucas
298 1850 428 1890 Skippon,
447 1845 598 1884 Clericus,
619 1845 654 1876 A.
673 1844 720 1875 M.
740 1845 825 1876 habet
847 1844 1008 1876 consimiles
1026 1845 1136 1876 Literas
1155 1843 1211 1875 Pa·

149 1900 238 1923 rentes
259 1890 294 1920 de
315 1886 519 1926 presentatione
540 1884 575 1914 ad
600 1883 772 1915 Reetoriam
787 1883 912 1914 Ecclesie
926 1884 1090 1921 parochialis
1104 1883 1141 1914 de
1155 1885 1212 1913 Ta-

148 1928 266 1969 vislocke
290 1927 354 1959 alias
374 1923 550 1964 Tawslocke,
568 1923 702 1954 Diocesis
724 1923 756 1953 &
780 1922 981 1961 jurisdie'tionis
1002 1925 1128 1961 Exonie,
1146 1922 1211 1961 jam

149 1976 317 2004 vacantem,
333 1966 367 1996 &
390 1965 423 1995 ad
446 1962 571 1993 nostram
594 1962 829 2000 presentationem
852 1971 901 1999 per
921 1960 1041 1999 Lapsum
1057 1961 1214 2001 temporis,

148 2007 204 2037 sive
222 2016 272 2044 per
287 2005 456 2042 pravitatem
476 2001 605 2031 Simonie
622 2024 632 2038 ,
653 2001 697 2030 vel
716 2000 772 2030 alio
789 2008 963 2038 quocunque
982 1999 1072 2031 modo
1087 2009 1140 2038 pro
1157 2000 1213 2031 hac

148 2047 214 2076 vice
231 2044 424 2082 speciantem3
462 2039 499 2070 Et
515 2039 674 2077 diriguntur
692 2039 728 2069 he
744 2038 839 2070 Litere
854 2038 982 2068 Parentes
996 2037 1169 2069 Reverendo
1184 2039 1213 2068 iri

149 2082 268 2114 Christo
284 2081 358 2112 Patri
378 2091 412 2112 ac
429 2079 568 2111 Domino
584 2077 721 2117 Josepho‚
740 2076 924 2118 permissione
939 2076 1037 2109 divina
1049 2078 1156 2108 Exonie
1172 2076 1211 2108 E-

171 2123 230 2153 isco
251 2131 279 2152 0.

150 2132 170 2161 p
188 2131 280 2192 Teiiie
299 2158 381 2199 Rege
396 2155 470 2197 apud
488 2153 768 2197 Wstrionasterium,
785 2154 902 2188 decimo
915 2155 1023 2188 oelavo
1038 2154 1084 2187 die
1097 2155 1217 2196 Jam-

154 2210 199 2230 rn.

639 2237 693 2266 Per
710 2236 806 2266 Breve
824 2233 857 2265 de
873 2235 996 2265 Privato
1008 2232 1111 2273 Sigillo.

191 2314 351 2348 Wllielmus
379 2318 455 2354 Bray
472 2336 482 2352 ‚
505 2312 534 2344 S.
554 2312 596 2343 T.
616 2311 648 2344 Β,
676 2312 761 2343 habet
782 2311 944 2343 consimiles
963 2311 1069 2344 Literas
1088 2311 1217 2345 Patentes

155 2355 192 2386 de
215 2355 435 2393 presentatione,
454 2353 488 2383 ad
506 2352 624 2389 primam
645 2351 822 2382 Prebendam
841 2351 872 2380 in
895 2350 1021 2382 Ecclesia
1042 2350 1138 2382 nostra
1160 2352 1219 2383 Ca-

155 2393 274 2425 thcdrali
296 2393 330 2424 &
355 2391 572 2430 Metropolitica
594 2389 801 2428 Cautuarienfi,
819 2398 868 2428 per
890 2391 1105 2427 promotionem
1120 2390 1216 2422 dilecti

157 2432 261 2463 Nobis
287 2433 316 2462 in
340 2429 460 2461 Christo
478 2429 623 2468 Johannis
645 2431 781 2465 Warner,
800 2427 829 2457 S.
848 2427 887 2458 T.
906 2428 940 2458 P.
958 2428 992 2459 ad
1012 2428 1218 2466 Episcopatum

158 2469 328 2510 Roffinftm,
349 2471 415 2508 jure
435 2476 604 2505 vacantem,
626 2467 660 2498 &
675 2466 711 2498 ad
732 2464 859 2497 nostram
879 2465 1066 2500 donationem
1083 2467 1137 2498 hac
1153 2469 1221 2499 vice

156 2510 348 2549 speeiantem3
368 2507 405 2538 Et
423 2507 581 2546 diriguntur
598 2506 633 2536 he
655 2505 750 2537 Litere
768 2505 898 2535 Parentes
913 2504 1087 2536 Reverendo
1095 2506 1124 2536 in
1134 2505 1220 2537 Chri-

154 2549 200 2578 sto
220 2547 291 2577 Patri
313 2546 447 2615 DorEZno
466 2544 628 2583 Willielmo,
643 2544 826 2582 permissione
842 2543 942 2575 divina
958 2544 1150 2586 cantuariensi
1164 2545 1221 2576 Ar-

156 2587 220 2618 chie
242 2586 300 2616 isco
321 2595 341 2616 o
410 2594 437 2614 c.

191 2596 280 2655 Tgste
302 2595 386 2663 ite'ge
410 2621 485 2661 apud
511 2620 789 2661 Weslmonasterium‚
817 2619 937 2652 decimo
956 2622 1059 2661 quinto
1085 2621 1132 2653 die
1159 2621 1221 2662 Ja-

156 2673 255 2692 nuarll.

604 2699 659 2728 Per
678 2700 772 2727 Breve
793 2698 827 2728 de
846 2701 968 2730 Privato
986 2698 1095 2738 Sigillo,
1113 2699 1177 2735 &aa

196 2776 305 2807 Samuel
318 2774 460 2812 Bernard,
479 2773 508 2804 S.
527 2773 567 2817 T.
586 2772 617 2804 B.
637 2773 722 2804 habet
739 2775 902 2817 consimiles
920 2775 1030 2806 Literas
1042 2776 1170 2808 Patentes
1186 2777 1221 2809 de

158 2816 362 2854 presentatione
378 2814 412 2844 ad
431 2813 599 2844 Rectoriam
614 2812 647 2843 ὅ(
662 2811 820 2843 Ecclesiam
835 2811 1030 2852 parochialem
1044 2815 1079 2845 de
1093 2815 1223 2854 Helling-

161 2855 261 2893 horne,
280 2853 410 2884 Diocesis
430 2849 961 2929 Canta-'ariensgj{nplezzffszmotioiffim
975 2851 1117 2890 Johannis
1134 2856 1222 2923 chard

161 2892 291 2962 trigrsfraffn
303 2889 618 2969 Tprelsensgigiigmogso
631 2927 685 2970 hac
702 2929 767 2971 vice
784 2899 1222 2968 ἕέὶὲἒῐεῐέῗεῗξεὲῗτῖευηῑῗπ

159 2970 197 3001 he
228 2969 321 3000 Litere
347 2971 476 3000 Patentes
498 2964 744 3010 Rev'erendiffimo
758 2977 786 2997 in
807 2967 925 2998 Christo
943 2967 1015 2998 Patri
1034 2977 1067 2998 ac
1085 2968 1222 2999 Domino

161 3007 324 3045 Willielmo,
348 3004 523 3045 providentia
536 3004 633 3034 divma
648 3005 839 3044 Cantuarienfi
856 3005 1103 3045 Archiepiscopo,
1123 3008 1184 3037 &c.

181 3047 288 3093 ..Teste
307 3047 390 3086 Rege
407 3044 482 3084 apud
500 3041 776 3084 Weslmonasterium‚
793 3045 910 3076 decimo
928 3045 1030 3085 quinto
1045 3044 1092 3076 die
1105 3044 1224 3084 Janua-

160 3096 207 3116 m·
610 3122 664 3150 Per
685 3122 779 3150 Breve
794 3121 828 3151 de
847 3123 968 3151 Privato
985 3119 1094 3160 Sigillo,
1108 3121 1170 3158 &in

198 3200 302 3231 Daniel
320 3200 453 3235 th'tby,
473 3197 617 3234 Clericus,
635 3197 720 3227 habet
735 3197 895 3228 consimiles
912 3199 1017 3229 Literas
1035 3198 1165 3229 Patentes
1181 3199 1218 3230 de

162 3239 363 3275 presentatione
376 3238 411 3269 ad
429 3237 595 3268 Rectoriam
610 3234 736 3266 Ecclesie
751 3237 921 3273 parochialis
933 3237 970 3267 de
985 3236 1107 3275 Theydon
1124 3240 1224 3267 Mount

162 3278 191 3306 in
215 3276 365 3308 Comitatu
388 3277 488 3315 Effix,
511 3274 640 3304 Diocesis
655 3275 688 3305 ὃ(
699 3274 905 3310 jurisdietionis
920 3276 1054 3313 London,
1073 3285 1123 3313 per
1143 3285 1224 3305 mor-

161 3322 220 3344 tem
236 3316 388 3346 naturalem
402 3315 493 3345 ultimi
509 3313 706 3343 Incumbentis
729 3311 835 3342 ibidem
848 3313 907 3350 jam
924 3313 1063 3351 legittime
1078 3315 1112 3345 &
1125 3313 1162 3343 de
1176 3314 1224 3351 ju-

160 3362 191 3382 re
208 3363 374 3391 vacamem,
394 3355 427 3384 ὅτ.
441 3352 476 3383 ad
492 3350 620 3381 nostram
646 3349 880 3388 presentationem
894 3353 999 3382 ratione
1015 3352 1132 3381 minoris
1146 3352 1225 3382 etatis

160 3391 301 3420 Edwardi
316 3391 404 3421 Smith
421 3401 472 3429 pro
488 3391 540 3420 hac
556 3390 622 3419 vice
636 3389 832 3427 ipeeiamem
856 3389 895 3420 Et
918 3390 1077 3427 diriguntur
1094 3392 1130 3419 he
1147 3389 1224 3420 Lite-

162 3439 194 3459 re
214 3428 339 3460 Parentes
359 3428 531 3460 Reverendo
554 3428 584 3457 in
605 3426 722 3456 Christo
748 3427 820 3457 Patri
843 3436 877 3457 ac
900 3427 1037 3458 Domino
1059 3427 1224 3467 willielmo,

162 3468 346 3505 permistione
358 3468 454 3497 divina
467 3466 586 3497 London
604 3464 762 3504 Episcopo.

163 3546 180 3577 h
203 3506 294 3538 Teste
314 3505 399 3543 Rege
414 3505 488 3544 apud
507 3502 783 3543 Wstmonasterium‚
810 3501 928 3533 decimo
951 3513 1031 3534 nono
1045 3503 1090 3534 die
1110 3506 1225 3534 Decem-

182 3556 229 3577 r15.

563 3583 617 3612 Per
635 3583 728 3610 Breve
743 3580 775 3610 de
793 3581 913 3609 Privato
931 3578 1038 3618 Sigillo,
1056 3578 1118 3614 &c.

202 3658 360 3689 Edwardus
377 3657 490 3693 Cookes,
516 3655 665 3695 Clericus,
688 3657 775 3687 habet
799 3655 959 3687 consimiles
979 3654 1085 3685 Literas
1099 3655 1225 3687 Parentes

165 3699 202 3729 de
233 3698 439 3736 presentatione
467 3695 500 3724 ad
536 3694 679 3726 Vicariam
704 3698 759 3726 sive
788 3694 944 3725 Ecclesiam
971 3694 1163 3730 parochialem
1188 3694 1224 3725 de

169 3736 301 3774 Brigham
321 3737 349 3765 iri
369 3734 520 3765 Comitatu
540 3734 679 3770 embra,
700 3733 830 3764 Diocesis
852 3731 949 3771 cestrie
965 3733 998 3763 &
1009 3732 1224 3770 jurisdictionis,

170 3778 280 3806 ratione
300 3773 386 3811 lapsus
407 3772 558 3810 temporis,
575 3771 720 3809 Simonie,
739 3774 784 3802 seu
805 3772 861 3802 alio
876 3771 976 3808 quovis
988 3772 1064 3807 jure,
1081 3771 1162 3801 titulo
1177 3773 1223 3800 vel

166 3814 246 3853 legali
264 3813 355 3842 modo
369 3818 534 3846 vacantem,
553 3810 585 3839 δε
601 3809 635 3838 ad
652 3809 774 3840 nostram
792 3808 1027 3847 presentationem
1042 3809 1149 3839 ratione
1161 3818 1223 3847 pre-

165 3853 243 3884 dieta
265 3851 321 3880 sive
344 3849 393 3880 alia
415 3848 513 3886 quavis
528 3847 669 3883 legittima
685 3847 720 3877 de
734 3850 829 3885 causa,
848 3856 892 3878 aut
908 3849 1016 3878 ratione
1030 3856 1064 3876 ex
1078 3847 1133 3877 alio
1150 3856 1223 3884 quo—

165 3899 279 3928 cunque
292 3889 376 3919 titulo
391 3886 471 3926 legali
486 3885 678 3923 spectantem,
716 3885 751 3915 ht
765 3887 918 3925 diriguntur
934 3887 969 3916 he
985 3885 1080 3915 Litere
1096 3885 1224 3915 Patentes

164 3927 337 3959 Reverendo
352 3928 380 3955 in
397 3922 516 3954 Christo
530 3923 606 3953 Patri
624 3932 657 3953 ac
671 3923 807 3954 DomIno
822 3924 968 3963 Johanni‚
984 3922 1166 3961 permissione
1180 3923 1223 3954 di-

165 3967 233 3998 vina
249 3963 347 4004 Cestrie
361 3963 516 4003 Episcopo.
919 4000 924 4005 ι

199 4004 288 4037 Teste
308 4004 390 4042 Rege
404 4001 478 4040 apud
491 3998 747 4039 Wslmonasterium
755 4022 765 4038 ,
783 4007 884 4038 quarto
897 3999 943 4031 die
956 3999 1119 4031 Decembris.

1230 135 1865 189 Nsss,1.1TERAE,

1270 222 1431 252 Edwardus
1449 220 1566 260 Rauen,
1589 221 1735 260 Clericus,
1759 221 1845 252 habet
1867 220 2031 252 consimiles
2046 220 2156 253 Literas
2173 219 2305 252 Patentes
2317 214 2446 249 Anni).

1238 260 1274 292 de
1294 261 1500 299 presentatione
1516 261 1551 291 ad
1569 259 1920 292 Vicariam&Ecclesiam
1936 260 2131 298 parochialem
2147 259 2183 290 de
2197 262 2304 288 Sutter-
2336 254 2422 294 1637.

1236 307 1284 329 ton
1305 301 1334 330 in
1357 299 1506 330 Comitatu
1521 299 1679 337 Lim-elme,
1697 298 1903 338 Gantuarienfis
1918 298 2090 337 Provincie,
2108 308 2158 337 per
2173 306 2298 328 mortem
2310 296 2363 321 ΛΗ-
2385 303 2428 330 ¹3-

1234 338 1390 368 naturalem
1405 337 1499 367 ultimi
1513 333 1710 368 incumbentis
1731 337 1853 376 ejusdem
1866 337 1929 374 jam
1948 346 2115 375 vacantem,
2135 339 2168 369 &
2187 337 2222 367 ad
2243 346 2299 366 no-
2311 334 2374 359 Car·
2405 341 2428 360 ¹·

1233 375 1320 406 stram
1340 376 1574 413 presentationem
1590 376 1677 415 pleno
1686 376 1749 414 jure
1767 375 1962 413 speciantem3
1980 375 2018 406 Et
2031 376 2190 414 diriguntur
2207 375 2244 405 he
2254 374 2304 404 Li-
2352 378 2398 405 27·

1234 422 1293 444 tere
1316 413 1442 444 Parentes
1459 414 1708 445 Reverendiffimo
1724 415 1754 443 in
1772 412 1895 444 Christo
1908 413 1984 444 Patri
1997 423 2031 443 ac
2047 413 2180 444 Domino
2195 413 2299 444 Guliel-

1234 462 1295 488 mo‚
1312 451 1488 489 providentia
1502 452 1600 483 divina
1615 451 1809 492 Cantuarienfi
1822 451 2066 489 Archiepiscopo,
2083 453 2146 483 &a

1271 489 1362 521 Teste
1382 489 1466 528 Rege
1482 490 1558 527 apud
1578 490 1848 531 I‘Vestmonasierium,
1865 490 2005 522 vicesimo
2021 489 2068 520 die
2084 489 2257 520 Novembris.

1684 569 1740 597 Per
1759 563 1854 598 Breve
1872 567 1905 598 de
1919 567 2041 597 Privato
2057 562 2165 605 Sigillo,
2185 564 2249 601 &c.

1273 640 1363 682 Denys
1381 643 1537 681 Prideaux,
1563 641 1712 680 Clericus,
1734 642 1765 673 S.
1787 643 1829 673 T.
1846 644 1882 674 P.
1908 644 1995 675 habet
2013 643 2173 675 consimiles
2194 643 2300 675 Literas
2352 652 2397 679 26.

1236 680 1368 713 Patentes
1382 683 1418 713 de
1435 682 1639 719 presentatione
1663 680 1698 711 ad
1724 680 1891 712 Rectoriarn
1913 682 2040 713 Ecclesie
2070 683 2239 720 parochialis
2264 682 2301 714 de

1234 723 1399 760 Hunniton,
1421 720 1553 751 Diocesis
1575 721 1608 751 &
1626 718 1826 757 jurisdictionis
1847 722 1974 758 Exonie‚
1999 730 2049 759 per
2068 723 2235 758 pravitatem
2256 721 2303 751 Si-

1237 760 1336 789 monie
1348 761 1408 797 jam
1425 767 1576 790 vacantem
1588 782 1597 796 ,
1615 758 1648 788 &
1666 757 1699 788 ad
1718 757 1844 788 nostram
1863 758 2097 795 presentationem
2117 769 2169 799 pro
2184 760 2238 790 hac
2257 761 2304 790 vi-

1234 807 1268 828 ce
1286 798 1474 836 spectantem3
1512 797 1550 828 Et
1568 797 1729 835 diriguntur
1748 796 1784 827 he
1805 795 1899 827 Litere
1922 796 2053 827 Patentes
2079 797 2252 829 Reverendo
2270 800 2301 829 in

1237 835 1357 904 Cpristo
1374 837 1497 868 Patriae
1511 836 1646 866 Domino
1662 834 1797 874 Jose'pho,
1814 833 1999 873 permistione
2017 834 2116 866 divina
2129 839 2240 868 Exonie
2257 837 2299 869 E-

1236 884 1265 912 pi
1277 884 1363 911 copo.

1272 912 1362 944 Teste
1378 913 1462 952 Rege
1479 911 1553 952 apud

1239 951 1256 982 b
1276 954 1281 958 ι
1572 909 1845 952 westmonasterium,
1861 911 2000 943 vicesimo
2019 912 2105 943 tertio
2119 913 2165 943 die
2177 915 2301 944 Novem-

1257 962 1302 983 r15.

1724 1005 1780 1034 Per
1799 1005 1893 1034 Breve
1912 1003 1944 1033 de
1960 1004 2082 1033 Privato
2099 1002 2199 1040 Sigillo,

1278 1082 1297 1101 ³*
1316 1080 1475 1120 Francifius
1493 1080 1653 1119 Barrough‚
1670 1080 1800 1113 Clericus
1838 1080 1872 1113 A.
1893 1080 1939 1111 M.
1962 1080 2048 1111 habet
2069 1080 2231 1111 consimiles
2253 1080 2303 1112 Li-
2331 1096 2416 1124 ,XX

1239 1128 1308 1150 teras
1330 1120 1461 1151 Patentes
1479 1120 1515 1149 de
1538 1120 1741 1157 presentatione
1759 1120 1792 1151 ad
1839 1119 1975 1150 eeioriam
1991 1120 2024 1149 &
2040 1117 2196 1150 Ecclesiam
2217 1128 2298 1158 paro-
2420 1116 2427 1123 ’

1240 1158 1364 1188 chialem
1381 1158 1417 1188 de
1440 1160 1571 1195 Langer,
1584 1158 1613 1187 iri
1629 1157 1782 1189 Comitatu
1796 1158 1997 1196 Nottingham,
2015 1157 2144 1188 Diocesis
2159 1158 2299 1197 Eborum,

1240 1198 1296 1234 jam
1313 1205 1479 1234 vacantem,
1503 1197 1537 1226 ὃς
1553 1196 1660 1226 ratione
1675 1197 1795 1227 minoris
1807 1197 1885 1227 etatis
1896 1195 2035 1236 Ambrofii
2049 1195 2150 1236 Puffi’y
2166 1196 2302 1234 Armige-

1239 1236 1280 1272 ri,
1296 1234 1331 1265 ad
1348 1234 1474 1265 nostram
1489 1233 1726 1272 presentationem
1742 1244 1795 1272 pro
1811 1236 1863 1265 hac
1880 1236 1945 1266 vice
1953 1235 2146 1274 speciantem3
2182 1234 2218 1265 Et
2236 1235 2307 1266 diri-

1262 1282 1347 1304 untur
1373 1274 1409 1304 he
1433 1273 1528 1304 Litere
1547 1273 1676 1303 Patentes
1705 1272 1952 1303 Reverendiffimo
1974 1275 2002 1304 in
2028 1272 2147 1303 Christo
2170 1272 2247 1305 Patri
2266 1283 2302 1305 ac

1276 1313 1377 1342 omino
1391 1312 1520 1350 Ricardo,
1539 1311 1719 1349 providentia
1733 1311 1832 1343 divina
1842 1311 1963 1342 Eborum
1979 1311 2218 1351 Archiepiscopo,
2236 1315 2303 1343 An-

1238 1350 1292 1389 glie
1308 1350 1424 1381 Primati
1438 1351 1472 1381 ὅ(
1488 1349 1728 1390 Metropolitano.

1244 1428 1260 1458 b
1276 1384 1367 1435 Teste
1391 1389 1478 1427 Rege
1505 1388 1578 1427 apud
1607 1387 1866 1428 {Vestinonasterium
1881 1411 1891 1427 ‚
1926 1387 2082 1420 undecimo
2109 1389 2156 1420 die
2182 1390 2307 1420 Novem-

1264 1438 1309 1458 7¹15.

2311 1145 2376 1165 220.

2361 1183 2408 1208 ²5·

1670 1477 1723 1505 Per
1739 1478 1833 1506 Breve
1848 1475 1881 1505 de
1901 1477 2021 1506 Privato
2037 1473 2145 1513 Sigillo,
2163 1473 2226 1511 &c.

1284 1550 1450 1582 Willielmm
1468 1551 1569 1591 Beale,
1587 1551 1617 1583 S.
1634 1552 1676 1582 T.
1697 1552 1730 1584 P.
1749 1553 1782 1584 &
1803 1562 1875 1584 unus
1898 1551 2121 1592 Capellanorum
2138 1551 2227 1590 Regis
2242 1551 2304 1584 Or-

1244 1591 1433 1629 dinariorum,
1449 1591 1537 1621 habet
1555 1591 1715 1621 consimiles
1735 1591 1841 1622 Literas
1855 1591 1985 1622 Parentes
2005 1591 2041 1620 de
2053 1590 2258 1628 presentatione
2271 1591 2307 1623 ad

1245 1629 1413 1660 Rectoriam
1438 1629 1471 1659 ὃς
1495 1627 1651 1660 Ecclesiam
1672 1630 1863 1667 parochialem
1886 1630 1922 1659 de
1939 1628 2090 1668 Paulspury
2106 1630 2135 1659 in
2151 1629 2304 1661 Comitatu

1246 1667 1473 1712 Norfharnpton,
1487 1669 1521 1699 &
1544 1667 1676 1699 Diocesis
1699 1666 1927 1707 Petriburgenfis‚
1953 1677 2002 1711 per
2021 1669 2188 1712 pravitatem
2209 1668 2308 1712 Simo-

1246 1705 1794 1782 ἓέἒέἶῖἷὲῗέῗξῗέῑέτὲἓαὲῗιῗὲῗξῗ
1812 1716 1862 1775 ῗέἓ
1865 1711 2047 1775 ‘3333‘5‘1'2‘255
2044 1715 2200 1776 1313&ss
2202 1707 2311 1776 ‘132'31‘3

1247 1792 1288 1815 tes
1310 1754 1489 1828 Reveiendo·
1500 1783 1530 1814 in
1545 1781 1753 1827 Christo-Patri
1766 1768 1800 1814 εἷς
1815 1770 1951 1814 Domini)
1965 1782 2125 1822 Franciftu,
2145 1783 2306 1822 permissio-

1247 1832 1290 1854 ne,
1300 1821 1399 1852 divini
1412 1820 1795 1892 PatriburgenbtlEpiscopo..
1895 1861 1901 1867 ι
2089 1861 2094 1867 ·
2186 1861 2192 1867 ι

1250 1860 1372 1932 brffeste
1391 1859 1470 1901 Rege
1490 1859 1565 1899 apud
1615 1859 1855 1918 estmonasteriurn,
1872 1859 2011 1892 Vicesimo
2027 1859 2150 1900 septimo
2163 1860 2210 1892 d1e
2223 1861 2307 1892 0630-

2368 1580 2413 1607 ²4·
2449 1599 2452 1603 ,

1698 1949 1752 1981 Per
1770 1953 1863 1980 Breve
1882 1949 1914 1980 de
1933 1950 2052 1979 Privato
2069 1947 2177 1987 Sigillo,
2195 1948 2256 1984 &c.

1284 2024 1401 2058 Thomas
1420 2023 1561 2064 Memmii
1576 2048 1585 2065 ,
1610 2025 1759 2065 Clericus,
1785 2027 1821 2058 A.
1843 2025 1890 2057 M.
1909 2026 1993 2057 habet
2017 2025 2180 2056 consimiles
2206 2025 2314 2057 Literas

1251 2067 1385 2099 Parentes
1397 2065 1433 2096 de
1446 2065 1650 2103 presentatione
1663 2065 1697 2095 ad
1712 2064 1883 2096 Reitoriam
1896 2066 1930 2097 ὃς
1946 2064 2104 2095 Ecclesiam
2122 2064 2311 2101 parochialem

1250 2107 1286 2137 de
1302 2104 1402 2149 Uffird
1416 2106 1443 2133 in
1458 2103 1609 2135 Comitatu
1624 2103 1723 2134 nostro
1738 2103 1955 2144 Northampton,
1975 2102 2105 2133 Diocesis
2122 2102 2312 2140 petriburgen-

1242 2145 1302 2187 fis,
1316 2152 1377 2181 jam
1395 2151 1547 2173 vacantem
1558 2164 1567 2180 ‚
1584 2143 1618 2174 &
1636 2143 1671 2174 ad
1690 2141 1816 2173 nostram
1831 2141 2068 2180 presentationem
2087 2141 2172 2179 pleno
2193 2142 2249 2172 'ure
2268 2149 2315 2173 aut

1252 2183 1363 2215 ratione
1384 2181 1516 2212 simonie
1534 2179 1734 2220 spectantem,
1772 2181 1812 2212 Et
1829 2181 1989 2220 diriguntur
2006 2180 2044 2210 he
2065 2179 2160 2210 Litere
2212 2188 2318 2211 aientes

1252 2218 1427 2253 Reverendo
1447 2220 1476 2249 in
1496 2218 1617 2249 Christo
1647 2220 1721 2250 Patri
1745 2229 1778 2250 ac
1799 2218 1934 2250 Domino
1954 2217 2111 2258 Francisco,
2135 2218 2316 2257 permistione

1253 2257 1349 2292 divini
1366 2256 1566 2298 Petriburgenfi
1585 2256 1741 2295 Episcopo,

1291 2295 1382 2331 Teste
1405 2295 1491 2336 Rege
1514 2295 1588 2337 apud
1612 2294 1875 2336 Wslmonasterium
1890 2318 1900 2335 ,
1927 2295 2002 2327 sexto
2025 2295 2141 2327 decimo
2163 2295 2210 2327 die
2236 2296 2319 2327 Oblo-

1255 2339 1322 2370 bris.

2370 2049 2413 2078 23.

1675 2385 1730 2414 Per
1748 2385 1843 2415 Breve
1857 2383 1891 2415 de
1909 2385 2028 2414 Privato
2047 2383 2159 2423 Sigillo,
2177 2382 2240 2419 &c.

1295 2463 1397 2495 Paulus
1419 2463 1657 2501 Micklethwaae'te,
1675 2460 1705 2493 S.
1722 2461 1763 2493 T.
1782 2461 1815 2493 P.
1837 2461 1870 2493 δε
1883 2471 1955 2492 unus
1968 2460 2189 2530 Calpellanorum
2203 2460 2318 2493 nostro-

1259 2513 1325 2534 rum
1340 2502 1562 2534 Ordinariorum
1572 2527 1582 2542 ,
1599 2502 1685 2532 habet
1700 2500 1860 2532 consimiles
1883 2501 1993 2532 Literas
2033 2508 2139 2531 arentes
2158 2500 2194 2531 de
2211 2500 2322 2539 presen-

1255 2544 1364 2574 tatione
1384 2541 1417 2572 ad
1436 2541 1602 2573 Recioriam
1621 2541 1655 2572 &
1680 2538 1836 2569 Ecclesiam
1855 2539 2044 2576 parochialem
2059 2538 2094 2569 de
2111 2542 2322 2569 Hertmonzeux

1257 2582 1321 2612 alias
1343 2578 1591 2619 Hurstwwmfix,
1610 2578 1741 2610 Diocesis
1765 2576 1942 2616 Cicesirenfh,
1965 2578 2026 2615 jam
2045 2585 2214 2616 vacantem,
2237 2578 2270 2608 ὃς
2286 2577 2323 2607 ad

1257 2619 1383 2651 nostram
1402 2619 1655 2657 presentationem,
1673 2617 1783 2646 ratione
1805 2616 1923 2646 minoris
1944 2617 2024 2647 etatis
2046 2615 2183 2655 Francisci
2208 2618 2322 2646 Domini

1259 2662 1364 2689 Dacres
1378 2667 1432 2695 pro
1447 2657 1503 2688 hac
1519 2657 1584 2687 vice
1599 2654 1792 2694 spediantem3
1829 2653 1866 2683 Et
1886 2653 2044 2692 diriguntur
2057 2654 2093 2684 he
2108 2654 2203 2685 Litere
2218 2654 2322 2684 Paren-

1259 2706 1300 2729 tes
1314 2696 1489 2727 Reverendo
1504 2696 1531 2724 in
1549 2693 1669 2725 Christo
1685 2692 1760 2722 Patri
1777 2702 1810 2723 ac
1835 2691 1971 2722 Domino
1985 2690 2141 2730 Richardo,
2160 2691 2322 2730 permistio-

1261 2746 1299 2767 ne
1312 2734 1410 2765 divina
1423 2732 1578 2771 cicestrensi
1589 2731 1743 2769 Episcopo.

1297 2772 1387 2805 Teste
1404 2771 1489 2810 Rege
1501 2771 1575 2810 apud
1591 2767 1867 2810 Westmonasterium,
1886 2767 2044 2800 undecimo
2058 2768 2104 2800 die
2117 2767 2251 2799 Ostobris.

2379 2496 2425 2514 22.

1688 2828 1751 2876 Per·
1760 2848 1856 2876 Breve
1872 2844 1904 2876 de
1923 2846 2045 2877 Privato
2061 2845 2172 2885 Sigillo,
2187 2845 2249 2882 &c-

1296 2926 1443 2957 Gulielmus
1466 2925 1575 2965 Lyford
1586 2948 1595 2964 ,
1619 2923 1649 2956 S.
1666 2923 1707 2954 T.
1726 2923 1761 2954 P.
1779 2923 1863 2954 habet
1881 2923 2042 2954 consimiles
2067 2923 2173 2954 Literas
2192 2923 2324 2955 Parentes

1261 2967 1297 2998 de
1321 2966 1529 3004 presentatione
1550 2964 1584 2995 ad
1603 2963 1747 2995 vicariam
1769 2962 1805 2993 de
1824 2961 1991 3001 Sherborne,
2010 2962 2102 2993 vestre
2117 2962 2324 3000 jurisdictionis

1261 3006 1425 3044 peculiaris,
1447 3013 1497 3041 per
1515 3004 1541 3034 la
1562 3003 1624 3034 sum
1642 3001 1780 3039 temporis
1797 3002 1856 3040 jam
1876 3010 2027 3032 vacantem
2047 3023 2056 3038 ‚
2081 3002 2114 3033 &
2139 3002 2174 3031 ad
2195 3001 2323 3031 nostram

1283 3044 1499 3074 resenrationem
1528 3051 1616 3080 perio
1637 3042 1700 3080 J'ure
1725 3039 1916 3077 spedianteim
1943 3039 1978 3070 Et
1999 3040 2160 3078 diriguntur
2177 3041 2214 3069 lie
2228 3040 2324 3070 Litere

1261 3055 1392 3115 issatemes
1407 3079 1521 3109 Ricardo
1535 3080 1642 3120 Bayly‚
1661 3077 1690 3109 S.
1708 3078 1746 3108 T.
1768 3077 1801 3108 Ρ.
1817 3079 1851 3109 &
1866 3078 1991 3108 Decano
2009 3080 2114 3108 Sarum.

1297 3119 1387 3152 Teste
1407 3118 1490 3158 Rege
1504 3120 1578 3157 apud
1595 3116 1868 3159 westmonasterium,
1886 3117 2042 3148 undecimo
2057 3116 2103 3145 die
2117 3113 2252 3149 odebris,

1707 3195 1760 3223 Per
1772 3196 1867 3224 Breve
1880 3192 1913 3222 de
1927 3194 2049 3221 Privato
2063 3188 2170 3228 Sigillo,
2189 3188 2251 3224 &aa

1295 3273 1426 3303 Ricardus
1441 3275 1586 3312 Mervyn,
1603 3269 1750 3306 Clericus,
1768 3268 1797 3298 S.
1815 3267 1856 3298 T.
1875 3266 1907 3296 P.
1927 3265 2014 3296 habet
2032 3264 2193 3295 consimiles
2218 3265 2327 3298 Literas

1260 3311 1392 3342 Patentes
1406 3311 1441 3342 de
1455 3310 1660 3350 presentatione
1672 3308 1707 3338 ad
1724 3306 1896 3337 Restoriam
1910 3305 1944 3335 ὅ(
1957 3303 2116 3333 Ecclesiam
2132 3305 2324 3341 parochialem

1260 3349 1297 3379 de
1310 3352 1433 3379 Bratton
1445 3350 1510 3379 alias
1525 3351 1648 3378 Bratton
1662 3344 1802 3383 clavelley
1811 3365 1820 3381 ‚
1838 3341 1970 3373 Diocesis
1985 3343 2095 3371 Exonie
2103 3365 2113 3380 ,
2132 3352 2180 3380 per
2195 3352 2323 3374 mortem

1260 3388 1417 3418 naturalem
1439 3387 1533 3417 ultimi
1552 3384 1751 3416 Incumbentis
1772 3381 1881 3411 ibidem
1892 3382 1953 3419 jam
1969 3389 2117 3411 vacantem
2129 3403 2138 3418 ,
2156 3382 2189 3412 &
2212 3381 2246 3411 ad
2265 3391 2321 3411 no-

1260 3425 1349 3456 stram
1373 3425 1609 3463 presentationem
1630 3422 1738 3452 ratione
1759 3419 1941 3462 Prerogative
1957 3417 2050 3448 nostre
2065 3419 2175 3468 Regie,
2193 3428 2247 3458 pro
2266 3420 2321 3451 hac

1260 3465 1328 3493 vice
1350 3463 1523 3501 speetantem
1538 3473 1550 3501 3
1575 3460 1614 3491 Et
1627 3459 1786 3497 diriguntur
1799 3458 1835 3487 he
1851 3459 1947 3488 Litere
1962 3457 2090 3487 Parentes
2105 3457 2277 3487 Reverendo
2292 3459 2324 3489 in

1263 3501 1383 3532 Christo
1406 3501 1483 3532 Patri
1500 3509 1536 3531 ac
1554 3498 1687 3529 Domino
1700 3495 1819 3535 Josepho
1830 3518 1840 3534 ,
1856 3494 2038 3533 permistione
2052 3495 2150 3527 divina
2162 3497 2272 3526 Exonie
2282 3495 2323 3526 E.

1284 3540 1341 3570 isco
1383 3563 1391 3570 .

1264 3550 1283 3579 p
1298 3549 1389 3609 Telstoe
1402 3577 1486 3616 Rege
1499 3574 1575 3614 apud
1591 3571 1867 3612 westmonasterium,
1885 3572 2041 3604 undecimo
2059 3572 2104 3603 die
2119 3570 2252 3602 octobris.

2388 3300 2432 3319 20.

1709 3651 1763 3679 Per·
1781 3651 1875 3680 Breve
1891 3650 1924 3680 de
1942 3652 2063 3680 Privato
2080 3647 2185 3686 Sigillo,
2204 3646 2267 3684 &c.

1297 3729 1421 3768 Jacobus
1437 3729 1544 3765 Hieme,
1560 3725 1708 3765 Clericus,
1725 3726 1762 3756 A.
1783 3725 1831 3757 M.
1851 3726 1940 3757 habet
1956 3723 2115 3766 consimiles
2139 3724 2246 3754 Literas
2269 3724 2325 3757 Pa-

1262 3776 1352 3799 tentes
1371 3767 1407 3797 de
1427 3765 1632 3803 presentatione
1654 3765 1689 3795 ad
1714 3764 1862 3796 Vicariam
1881 3765 1936 3795 five
1951 3762 2115 3804 Ecclesiam¹
2132 3764 2323 3800 parochialem

1260 3807 1297 3837 de
1310 3804 1472 3842 Tinmouth,
1492 3802 1620 3834 Diocefis
1633 3804 1666 3834 &
1676 3803 1880 3841 jurisdictionis
1891 3800 2089 3839 Dunelmensi's,
2104 3809 2164 3837 jam
2180 3811 2229 3838 per
2245 3813 2324 3833 mor-

1261 3854 1320 3875 tem
1336 3843 1490 3873 naturalem
1507 3842 1601 3871 ultimi
1609 3840 1806 3872 incumbentis
1817 3840 1924 3870 ibidem
1934 3840 2133 3877 vacanterm&
2144 3840 2179 3869 ad
2196 3840 2323 3872 nostram

1262 3882 1496 3921 presentationem
1514 3881 1620 3910 ratione
1635 3881 1755 3910 minoris
1772 3879 1849 3909 etatis
1866 3877 2004 3914 Radulphi
2018 3877 2162 3906 Delavale
2178 3879 2323 3916 Arinigeri

1262 3930 1314 3960 pro
1328 3920 1382 3949 hac
1398 3920 1462 3949 vice
1475 3918 1665 3958 spectantem,
1694 3917 1732 3947 Et
1744 3916 1906 3954 diriguntur
1919 3916 1955 3945 he
1969 3915 2063 3945 Litere
2081 3915 2211 3946 Parentes
2230 3918 2324 3948 Reve-

1263 3958 1355 3989 rendo
1369 3959 1397 3987 in
1413 3956 1534 3986 Christo
1549 3955 1625 3988 Patri
1639 3965 1672 3986 ac
1687 3954 1821 3986 Domino
1834 3953 1943 3992 rhome,
1962 3952 2142 3991 permissione
2160 3956 2257 3987 divini
2267 3959 2327 3986 Du-

1263 3995 1387 4034 nelmenfi
1403 3993 1558 4033 Episcopo.
2236 4030 2268 4061 T
2287 4029 2310 4062 st

2270 4040 2285 4061 e
2311 4040 2328 4062 e

2379 3762 2423 3790 ¹9·
