2561 4263
195 207 247 249 14

193 281 370 315 curatoribus
394 282 476 312 liceat
494 277 600 309 vestros
620 275 722 307 Portus
737 297 746 311 ,
764 272 906 316 Emporia
921 293 930 309 ,
948 278 1033 308 atque
1049 267 1151 298 Urbes
1169 265 1259 308 libere

196 321 296 360 adire,
322 320 552 355 frumentumque
578 316 593 345 Ξι
620 312 719 345 vestris
745 311 872 342 Subditis
895 309 972 349 justo
997 318 1031 338 ac
1051 316 1140 350 aequo
1159 313 1258 342 precio

198 361 319 392 mercari
366 360 398 389 &
424 355 503 393 quod
520 354 638 384 mercati
659 351 785 388 fuerint,
809 350 940 388 portoriis
958 348 991 378 &
1010 344 1198 389 veetigalibus
1214 342 1260 372 so-

196 400 262 430 lutis
293 383 347 428 srn’e
363 397 456 432 aliquo
471 392 564 423 vestro
582 401 629 421 aut
645 389 835 420 Subditorum
851 387 1011 418 vestrorum
1031 383 1261 424 impedimento,

197 436 254 468 fide
268 422 394 475 ²publica
414 443 461 470 per
480 441 530 461 vos
547 427 734 459 concedenda
752 450 761 465 ,
779 428 808 457 in
839 426 979 465 Regnum
1000 422 1130 464 nostrum
1150 419 1262 458 Angliae

200 475 393 513 transportare.
431 469 522 508 Quod
541 469 560 498 si
580 470 616 498 ab
634 465 810 498 Excellentia
819 464 920 496 Vestra
936 465 1197 505 impetraverimus,
1213 458 1264 501 da-

201 515 299 545 bimus
317 519 433 549 operam
454 518 485 539 ut
501 506 601 537 vestris
622 504 853 543 Mercatoribus,
873 511 1005 540 tempore
1023 500 1074 544 ⁴suo
1095 497 1265 533 necessarro,

201 562 251 592 par
277 559 359 588 atque
384 547 487 577 eadem
512 546 628 576 facultas
648 546 676 574 in
699 544 803 582 Regno
822 543 922 573 nostro
943 540 1056 578 Angli-ae
1080 536 1266 568 concedatur.

202 591 299 627 Deus,
318 591 379 618 occ.
394 584 575 623 Greenvici,
593 593 642 622 24.
662 583 805 614 Februarii
827 590 911 620 1557.

422 711 586 744 Laurentio
607 707 711 741 Priulo
723 732 732 747 ‚
754 709 837 740 Duci
857 709 1064 741 Venetiarum.

201 795 422 861 ILlustriffime
436 794 590 833 Princeps,
608 793 710 824 Amice
729 792 909 824 Chariffime.
935 792 1054 823 Litterae
1069 788 1180 821 Vestrae
1195 789 1267 820 datae

253 835 306 866 Xi.
334 835 510 866 Decembris
535 833 619 864 nobis
644 833 762 863 redditae
783 832 845 862 sunt
862 853 872 870 ‚
895 840 929 861 ex
957 832 1058 869 quibus
1083 829 1269 860 intelleximus

200 874 345 907 Nobilem
364 873 469 904 Virum
484 872 628 911 joannem
649 869 838 901 Michaelium
855 893 865 908 ‚
892 869 1015 900 vestrum
1041 870 1114 906 apud
1139 878 1190 897 nos
1206 868 1266 906 jam

200 914 252 943 diu
270 913 426 943 Oratorem
443 935 453 951 ‚
479 910 573 941 vestro
587 910 661 949 jussu
678 910 801 940 domum
819 910 955 940 revocari.
982 907 1074 946 Cujus
1094 906 1155 937 Viri
1175 907 1266 944 lingu-

199 952 261 982 laris
279 951 446 989 prudentia,
472 959 536 980 toto
556 950 613 979 hoc
633 958 763 985 tempore
776 970 785 986 ,
809 948 843 979 &
862 949 889 976 in
911 947 993 977 omni
1012 957 1040 976 re
1061 955 1147 984 quarn
1169 946 1267 975 nobis-

201 1000 289 1027 cum,
307 990 353 1020 vel
371 1000 442 1021 cum
461 988 561 1019 nostro
577 986 706 1017 Consilio
723 988 784 1024 egit
800 1009 810 1023 ,
835 986 975 1024 perspeeta
1005 986 1089 1015 nobis
1108 984 1216 1021 semper
1233 984 1266 1014 δε

200 1037 370 1070 peraccepta
383 1029 448 1059 fuit.
470 1027 568 1064 Itaque
581 1027 620 1056 uti
638 1026 718 1056 illum
732 1026 806 1063 apud
829 1035 898 1062 nos,
920 1025 1068 1064 praecipuo
1083 1023 1208 1062 quodam
1225 1022 1267 1053 fa-

200 1078 291 1107 vore,
310 1069 419 1105 semper
440 1067 534 1097 sumus
551 1065 725 1104 prosecutae,
744 1066 780 1094 ita
795 1064 918 1094 eundem
934 1063 968 1093 ad
985 1064 1046 1093 suos
1058 1070 1248 1093 revertentem
1259 1085 1268 1098 ‚

201 1107 373 1139 Litterarum
392 1105 550 1135 nostrarum
570 1103 641 1141 justa
657 1103 909 1133 commendatione
925 1124 934 1140 ,
955 1102 1012 1132 hoc
1026 1110 1157 1139 tempore
1174 1101 1268 1138 prose-

198 1146 347 1186 quendum
368 1144 510 1175 duximus.
533 1142 581 1173 De
604 1141 702 1172 nostro
726 1151 820 1172 autem
843 1143 873 1172 in
897 1150 948 1171 vos
972 1142 1091 1178 animo,
1118 1139 1266 1177 studioque

200 1186 326 1223 antiquae
349 1184 483 1213 amicitiae
504 1183 574 1212 inter
585 1181 701 1218 Angliae
720 1180 861 1218 Regnum
877 1181 908 1210 ὃς
929 1178 1069 1218 Inclytam
1086 1178 1264 1209 Venetorum

199 1222 425 1261 Rempublicam
449 1219 653 1251 conservandae
667 1243 677 1258 ,
699 1218 824 1257 Joannes
848 1218 1018 1248 Michaelius
1043 1226 1141 1255 rogatu
1164 1215 1265 1246 nostro

199 1263 335 1294 certiores
356 1270 409 1291 vos
425 1260 516 1291 faciet⁴
536 1258 611 1289 Earn
629 1268 682 1289 nos
696 1280 705 1295 ,
726 1259 762 1288 ita
777 1267 806 1288 ut
823 1256 982 1294 Maioribus
998 1255 1098 1286 uostris
1115 1255 1267 1292 nostraque

199 1302 306 1340 pietate
319 1300 438 1338 dignum
455 1298 514 1336 est,
534 1298 665 1334 religiose
684 1297 916 1333 observabimus,
931 1296 964 1326 δε
981 1294 1120 1332 quantum
1136 1295 1166 1323 in
1182 1295 1268 1324 nobis

203 1341 257 1371 erit
271 1363 282 1376 ,
308 1340 395 1369 etiam
420 1338 585 1377 augebimus
604 1348 613 1374 3
642 1335 759 1373 Vosque
788 1336 863 1365 idem
882 1334 977 1364 modis
990 1335 1126 1364 omnibus
1142 1333 1265 1363 satsturos

201 1378 261 1409 esse
275 1402 284 1414 ,
312 1378 447 1416 quoniam
471 1375 607 1406 haetenus
628 1376 665 1404 ita
685 1375 791 1413 experti
814 1376 905 1404 sumus
920 1395 930 1410 ,
946 1382 1006 1404 non
1028 1372 1201 1408 dubitamus.
1222 1370 1267 1404 Ex

205 1416 300 1456 Regia
318 1414 415 1446 nostra
431 1413 607 1452 Greenvici‚
627 1413 781 1444 Februarii·
856 1411 940 1451 1556.

302 1537 548 1583 Reverendtffimo
558 1542 646 1574 Patri
655 1564 665 1580 ,
684 1541 769 1571 Petro
784 1536 941 1571 Cardinali
952 1522 1176 1571 Panormita'mo.

204 1625 501 1690 REverendiffrme
517 1623 808 1664 Pater,lllustriffime
817 1622 951 1660 Princeps
966 1624 1000 1653 δε
1016 1623 1176 1655 chariffirne
1191 1624 1273 1655 Con-

289 1665 445 1704 sanguinee.
457 1666 562 1697 Literas
571 1664 677 1697 Vestrae
697 1661 950 1693 Reverendiffimae
961 1660 1166 1693 Dominatonis
1181 1663 1272 1694 Paler-

207 1705 249 1734 mi
261 1714 297 1745 23
321 1705 454 1735 Februari
469 1705 544 1735 datas
551 1703 751 1742 ‚accepimus3
762 1700 805 1730 Ex
822 1701 924 1738 quibus
938 1700 1061 1730 libenter
1071 1701 1273 1741 intelleximus,

206 1744 240 1775 &
250 1753 358 1781 quanto
368 1753 444 1772 nunc
460 1743 551 1772 studio
558 1751 609 1771 nos
618 1740 716 1771 Vestra
728 1739 904 1770 Dominatio
915 1762 924 1776 ,
936 1739 1063 1776 &quam
1078 1740 1214 1772 multis&
1223 1752 1271 1772 va-

206 1782 252 1811 riis
274 1781 378 1811 officiis
401 1781 491 1810 vestra
513 1780 616 1818 inclyta
639 1779 750 1809 Familia
774 1777 934 1808 Caesaream
959 1777 1143 1815 Maiestatem
1159 1781 1270 1819 jamdiu

204 1820 353 1858 prosecuta
378 1819 418 1849 sit.
439 1818 569 1850 Vestram
596 1827 712 1856 quoque
733 1816 956 1855 postulationem
978 1816 1096 1847 libenter
1116 1827 1152 1848 ex
1168 1819 1272 1849 eisdem

209 1858 323 1889 Litteris
346 1858 548 1895 cognovimus.
573 1855 672 1898 Itaque
695 1866 745 1893 pto
761 1855 810 1886 illo
825 1854 919 1886 vestro
936 1863 1016 1885 tanto
1032 1855 1144 1896 studio,
1163 1867 1273 1895 proque

204 1897 256 1927 illis
271 1896 398 1927 Familiae
417 1896 518 1926 vestrae
539 1904 582 1926 tot
603 1895 709 1926 othciis
727 1918 735 1932 ,
753 1895 786 1925 ὅ(
802 1895 901 1931 gratias
921 1903 1001 1936 nunc
1014 1903 1129 1933 magnas
1144 1897 1272 1935 agimuS‚

205 1935 239 1966 &
260 1944 314 1972 pro
337 1935 436 1974 quavis
456 1935 540 1965 nobis
561 1934 723 1971 opportune
748 1932 846 1963 oblata
867 1934 1016 1963 occasione
1037 1933 1198 1965 curabimus
1211 1960 1220 1973 ,
1241 1946 1271 1966 ut

204 1973 261 2012 qua
279 1974 307 2003 in
320 1973 503 2011 re‚Familiae
513 1972 628 2009 vestrae,
648 1973 693 2003 vel
701 1981 803 2002 ornare
813 1971 992 2008 Dignitatem
1009 1972 1054 2002 vel
1067 1974 1272 2011 augereCom-

205 2011 327 2043 modum
344 2012 498 2050 possimus,
518 2012 600 2042 vobis
615 2021 674 2042 non
697 2011 783 2042 simus
798 2010 946 2041 defuturae.
982 2009 1028 2039 Ad
1045 2009 1272 2043 postulationem

204 2055 277 2081 vero
297 2051 419 2081 vestram
440 2051 518 2088 quod
538 2053 658 2087 attinet,
686 2049 755 2088 quid
772 2059 824 2080 nos
839 2049 947 2088 egimus
963 2051 1128 2086 opportune
1144 2052 1176 2082 ὅ(
1193 2051 1272 2090 fuse,

204 2099 239 2119 ex
254 2099 289 2120 eo
306 2091 354 2128 qui
373 2091 421 2119 has
435 2089 537 2127 perfert
561 2089 696 2125 Litteras,
711 2087 749 2119 V.
769 2087 809 2118 R.
830 2088 871 2118 D.
891 2087 1029 2122 intelliget
1047 2110 1057 2124 ,
1075 2089 1122 2118 cui
1135 2099 1165 2120 ut
1182 2089 1271 2121 fidem

206 2129 310 2158 tribuat
329 2129 364 2160 V.
379 2128 422 2159 D.
440 2128 599 2159 admodum
616 2136 758 2169 rogamus.
776 2126 875 2163 Deus,
891 2127 952 2157 &a
971 2125 1014 2156 Ex
1033 2126 1161 2158 Westm.
1180 2139 1208 2159 2.
1223 2128 1275 2168 Ju-

205 2166 235 2197 lii
261 2175 346 2206 1557.

469 2297 601 2330 Domino
622 2292 796 2338 Christierno
816 2295 901 2326 Dani
920 2295 1008 2339 Regi.

210 2381 406 2444 PHilippus
426 2382 460 2414 &
486 2380 578 2412 Maria
593 2403 602 2419 ‚
628 2381 690 2413 &o
712 2378 889 2410 Christierno
909 2402 918 2418 ,
937 2379 999 2410 &c.
1020 2380 1112 2419 Quod
1130 2382 1275 2412 bonorum

280 2421 448 2458 Principum
464 2420 520 2451 esse
541 2419 626 2451 debet
636 2441 647 2456 ‚
665 2427 695 2448 ut
708 2418 832 2448 Civium
845 2419 960 2448 suorum
976 2421 1134 2450 commoda
1149 2431 1183 2452 ac
1199 2421 1277 2451 utili·

211 2470 280 2493 tates
294 2467 465 2498 procurent,
476 2458 505 2489 id
521 2468 572 2489 nos
588 2458 648 2488 hoc
663 2465 793 2495 tempore
809 2458 964 2487 necessario
984 2458 1175 2494 praestandum
1191 2461 1208 2490 a
1223 2469 1278 2489 no-

212 2500 255 2530 bis
266 2523 273 2536 ,
294 2508 346 2536 pro
361 2497 457 2535 Regia
472 2497 539 2528 curii
554 2507 587 2527 ac
600 2497 785 2527 sollicitudine
799 2495 912 2533 nostra,
924 2496 1073 2534 duximus,
1093 2506 1123 2527 ut
1140 2508 1202 2528 rem
1218 2498 1278 2528 fru-

209 2539 378 2568 mentariam
390 2559 400 2575 ,
425 2536 504 2573 cujus
528 2536 587 2565 hoc
609 2544 686 2565 anno
710 2543 865 2572 proventus
882 2534 959 2572 apud
977 2545 1029 2564 nos
1044 2536 1192 2574 malignior
1208 2537 1279 2574 fuit,

209 2577 283 2616 apud
299 2585 405 2606 exteras
419 2574 562 2605 Nationes
587 2574 737 2611 conquaeri
755 2574 786 2603 δε
809 2575 838 2603 in
861 2572 1000 2611 Regnum
1018 2573 1146 2604 nostrum
1166 2576 1277 2614 Angli-az

209 2614 386 2652 transportari
402 2623 540 2643 curemus.
562 2613 661 2651 Qiam
677 2613 718 2642 ob
733 2614 844 2642 causam
859 2611 989 2642 Thomu:
1008 2611 1172 2643 Gresliamo
1196 2614 1279 2644 Mer-

210 2655 300 2684 catori
316 2656 347 2683 &
362 2654 547 2690 negotiorum
563 2651 726 2688 nostrorum
745 2650 846 2680 Actori
867 2651 894 2680 in
912 2651 1049 2680 mandatis
1066 2652 1212 2690 dedimus,
1228 2661 1279 2692 ut,

212 2691 349 2722 frumenti
368 2691 520 2721 coemendi
540 2691 630 2725 gratia
646 2713 655 2727 ‚
683 2691 711 2718 in
730 2688 907 2719 Pomeraniae
923 2688 1072 2720 Ducatum
1088 2692 1150 2721 suos
1166 2691 1279 2723 Procu-

212 2739 320 2761 ratores
342 2730 442 2759 mittat.
468 2728 506 2758 Et
528 2730 663 2766 quoniam
683 2729 719 2756 eis
741 2728 770 2757 in
795 2728 976 2758 Pomeraniae
999 2727 1067 2758 fines
1082 2731 1279 2769 navigantibus

233 2779 262 2798 er
293 2766 404 2798 Vestrae
431 2767 591 2797 Serenitatis
620 2767 760 2796 ditionem
787 2765 828 2795 est
850 2764 1050 2796 transeundum
1062 2790 1072 2805 ,
1090 2768 1278 2800 Serenitatem

212 2779 348 2838 §estium
374 2806 555 2835 veliementer
576 2813 706 2842 rogamus
732 2813 762 2834 ut
781 2803 942 2834 Mercatori
964 2804 1062 2834 nostro
1078 2828 1088 2844 ,
1113 2817 1201 2844 quem
1223 2809 1278 2844 jam

212 2845 354 2882 diximus,
372 2844 484 2883 ejusque
500 2843 591 2874 Sociis
605 2853 638 2873 ac
655 2843 999 2880 Procuratoribus‚liceat
1016 2853 1064 2881 per
1077 2846 1178 2876 vestrae
1192 2847 1276 2876 ditio-

213 2887 256 2916 nis
271 2885 358 2919 freta,
377 2884 514 2920 urbesque
527 2892 559 2912 ac
576 2883 638 2913 loca
655 2905 663 2917 ,
687 2881 783 2912 secure
806 2882 838 2912 &
854 2881 942 2912 libere
962 2881 1093 2921 transire,
1112 2894 1152 2914 res
1166 2885 1200 2914 ad
1218 2886 1278 2915 vic-

215 2933 279 2954 tum
295 2926 328 2954 &
344 2923 555 2960 navigationem
573 2921 755 2957 necessarias,
774 2920 792 2949 si
809 2921 912 2957 quibus
925 2920 1095 2958 indigebunt
1112 2945 1122 2960 ‚
1149 2924 1164 2953 Ξι
1182 2923 1279 2953 vestris

217 2961 345 2992 Subditis
367 2961 445 2998 justo
465 2961 497 2990 ὃς
522 2970 609 2996 aequo
632 2960 727 2996 precio
749 2960 895 2997 accipere,
913 2960 946 2989 δε
962 2958 1138 2991 frumentum
1154 2963 1231 2999 quod
1250 2963 1278 2991 in

213 3000 394 3032 Ponieraniae
418 2998 519 3028 finibus
535 2999 654 3028 mercati
676 2997 800 3035 fuerint,
820 2997 876 3028 line
891 2997 949 3028 ullo
966 2997 1062 3028 vestro
1077 3008 1125 3030 aut
1141 3000 1279 3031 Subdito-

215 3049 280 3069 rum
300 3037 461 3068 vestrorum
485 3037 691 3075 impedimento
707 3058 716 3074 ‚
742 3036 887 3073 persolutis
905 3046 1002 3067 tamen
1019 3037 1200 3076 vectigalibus
1216 3049 1281 3077 qnae

216 3077 325 3107 Veline
347 3076 497 3107 Serenitati
522 3076 660 3105 debentur
677 3096 686 3112 ‚
715 3076 743 3105 in
762 3074 897 3114 Regnum
919 3075 1048 3105 nostrum
1065 3077 1176 3115 Angliae
1195 3087 1282 3108 trans-

216 3125 337 3155 portare.
357 3115 449 3152 Qiod
459 3115 478 3144 ii
493 3113 674 3144 aSerenitate
685 3112 785 3143 Vestra
799 3115 1057 3151 impetraverimus,
1069 3115 1198 3146 dabimus
1212 3127 1282 3154 ope-

219 3165 280 3184 ram
302 3163 333 3184 ut
349 3154 446 3184 vestris
461 3152 600 3189 Subditis,
618 3153 651 3182 &
676 3151 886 3182 Mercatoribus
905 3160 1039 3191 tempore
1059 3153 1109 3184 suo
1126 3156 1281 3186 neceslario

242 3203 268 3222 ar
292 3202 374 3229 atque
405 3193 504 3222 eadem
536 3190 650 3221 facultas
675 3192 703 3220 in
729 3189 830 3220 nostro
850 3191 961 3229 Angliae
977 3190 1085 3231 Regno
1099 3194 1282 3226 concedatur.

221 3202 317 3268 Deus,
335 3232 396 3263 ἃς.
415 3230 590 3267 Greenvici,
610 3238 649 3269 24
668 3228 738 3259 Feb.
762 3229 848 3269 1556.

350 3306 462 3338 Vestrae
475 3305 659 3338 Excellentiae

698 3383 787 3414 Soror
804 3385 837 3415 &
852 3383 1074 3421 Consanguinea
1090 3384 1192 3417 Maria.

615 3511 699 3542 Daci
721 3508 879 3540 Florentiae.

224 3591 453 3656 REvetendus
467 3591 549 3623 Pater
560 3593 599 3623 D.
613 3592 972 3630 AlphonsusTornabonus
982 3592 1098 3623 Litteras
1105 3593 1286 3627 Excellentiae

311 3631 417 3660 Vestrae
438 3630 512 3671 datas
534 3632 595 3660 Cal.
618 3632 688 3661 Maii
713 3632 793 3670 1556.
815 3633 882 3661 varii
904 3632 997 3661 officii
1020 3633 1052 3663 &
1069 3635 1137 3668 grati
1154 3643 1217 3672 erga
1232 3644 1285 3664 nos

226 3668 306 3712 studii
323 3670 415 3706 plenas
430 3669 510 3697 nobis
532 3670 651 3699 tradidit.
671 3671 804 3700 Libenter
818 3671 934 3708 quidem
948 3672 980 3701 &
996 3670 1053 3699 illas
1072 3671 1187 3701 Litteras
1203 3681 1284 3702 acce-

228 3709 378 3745 pimus,&
395 3709 472 3737 hunc
487 3704 641 3736 Oratorem
657 3709 815 3738 audivimus
826 3719 836 3746 -,
847 3710 923 3745 cujus
936 3708 1117 3739 Prudentiam
1134 3712 1166 3740 &
1183 3710 1284 3741 Fidem

227 3746 265 3775 sic
282 3747 477 3782 probavimus,
496 3752 526 3772 ut
542 3754 608 3773 eum
625 3747 696 3781 apud
712 3757 763 3775 nos
785 3756 945 3776 manentem
967 3750 1112 3785 praecipuo
1129 3747 1284 3779 nostrosa-
1330 3771 1333 3772 γ

230 3793 316 3819 vore,
341 3784 372 3813 ἃ
381 3785 440 3820 jam
457 3785 472 3813 a
491 3784 573 3812 nobis
595 3783 783 3813 discedentem
799 3808 809 3822 ,
836 3786 1003 3815 Litterarum
1019 3786 1179 3816 nostrarum
1197 3797 1284 3817 com-

228 3822 411 3852 mendatione
428 3820 653 3858 prosequendum
666 3822 721 3862 erle
737 3823 906 3853 duxerimus.
934 3824 1046 3854 Statum
1063 3835 1156 3854 rerum
1172 3825 1284 3856 nostra-

228 3870 293 3891 rum
304 3882 312 3897 ,
332 3862 516 3896 nostrumque
535 3868 643 3890 mutuae
657 3861 810 3889 reterende
826 3863 1032 3892 benevolentiae
1047 3862 1187 3900 studium,
1206 3865 1282 3894 idem

229 3900 278 3928 liic
296 3898 404 3928 Vestrae
426 3897 605 3927 Excellentiae
628 3896 734 3926 Orator
750 3919 758 3934 ,
782 3900 877 3927 nostro
894 3909 1008 3938 rogatu,
1027 3904 1190 3939 opportune
1205 3913 1283 3934 enar-

228 3938 309 3967 rabit.
333 3936 430 3975 Deus,
449 3936 510 3966 &e
531 3935 575 3966 Ex
592 3935 684 3974 Regia
698 3935 823 3966 Westm.
842 3938 1015 3976 primojulii
1038 3949 1122 3979 1557.

777 176 1329 227 EPISTOLAE
1413 176 1790 231 MAR1,AE‚

1611 352 1658 384 D.
1687 347 1820 393 Gustavo
1838 350 1944 385 Suetiae
1961 352 2048 398 Regi.

1309 436 1491 498 PHilippus
1501 440 1536 471 &
1551 439 1660 478 Maria,
1674 439 1735 470 &c.
1751 438 1935 470 Sereniffimo
1944 439 1979 470 P.
1995 437 2037 469 D.
2047 438 2266 480 Gustavo‚&c.
2277 443 2371 475 Acce-⁹

1374 486 1469 514 pimus
1487 478 1610 509 Litteras
1626 477 1732 509 vestras
1746 487 1812 515 quas
1828 478 1945 517 9.Sept.
1958 477 1993 509 ad
2005 487 2052 509 me
2067 477 2211 517 Reginam
2224 482 2371 520 conscrip-

1308 523 1348 545 tas
1364 514 1463 554 Legati
1479 516 1562 547 vestri
1577 516 1619 547 D.
1639 515 1781 546 Arnoldus
1795 515 2030 556 Rosenbergerus
2048 517 2080 548 &
2104 517 2246 550 Martinus
2258 520 2373 551 Helsin-

1309 562 1361 591 gus
1374 554 1407 584 ad
1423 563 1476 585 nos
1491 555 1659 592 attulerunt,
1675 563 1741 585 utro
1763 565 1797 585 ue
1810 564 1906 586 autem
1921 556 2032 594 modo,
2042 557 2076 587 δε
2090 566 2124 587 ex
2136 557 2250 589 Litteris
2265 559 2373 599 vestris,

1310 593 1344 621 δε
1361 591 1536 631 Legatorum
1553 595 1730 632 narratione,
1749 598 1759 623 1
1775 593 1874 624 udium
1891 596 1924 626 &
1938 595 2166 626 benevolentiam
2178 606 2244 636 erga
2257 607 2309 627 nos
2323 608 2376 628 ve-

1310 629 1396 661 stram
1413 632 1496 669 plene
1509 632 1698 670 perspeximus
1707 633 1766 670 ,ob
1775 642 1863 669 quam
1871 654 1880 670 ‚
1890 641 1920 662 ut
1934 633 2081 664 Serenitati
2089 633 2199 666 Vestrae
2208 636 2307 672 gratias
2313 638 2375 675 agi-

1312 678 1376 700 mus
1390 692 1399 708 ,
1417 672 1454 701 ita
1476 681 1528 701 nos
1550 671 1719 702 Amicitiam
1744 671 1778 702 ὃς
1794 669 2026 701 Benevolentiam
2042 671 2168 703 nostram
2182 675 2263 705 vobis
2280 674 2376 706 simili-

1311 716 1353 738 ter
1373 709 1559 747 pollicemur:
1586 709 1619 740 Id
1642 709 1720 748 quod
1739 731 1749 745 ,
1765 708 1863 740 officia
1879 710 1977 740 omnia
1996 709 2108 749 nostra,
2122 711 2140 741 si
2158 713 2264 749 quaein
2280 713 2378 751 poste-

1311 756 1376 776 rum
1393 756 1423 778 ut
1435 750 1463 778 in
1479 759 1532 779 vos
1547 749 1671 780 conserti
1686 747 1809 785 poffint,
1826 747 1940 778 occasio
1954 747 2122 788 postulabit,
2139 760 2239 782 verum
2254 753 2311 783 effe
2326 763 2375 783 os-

1310 786 1439 817 tendent.
1457 788 1548 825 Quod
1562 796 1658 818 autem
1673 786 1707 817 ad
1723 797 1755 817 ea
1766 788 1882 826 negotia
1892 787 2004 824 attinet,
2023 796 2088 824 quae
2111 790 2252 827 praecipue
2273 790 2379 828 Legati

1312 823 1396 854 vestri
1417 827 1445 854 in
1470 827 1608 857 mandatis
1630 826 1790 856 habuerunt
1805 848 1814 862 ,
1838 833 1868 855 ut
1884 824 1919 855 ad
1936 835 1988 855 nos
2011 824 2152 856 deferrent
2165 827 2198 858 ὃ(
2212 837 2315 858 coram
2327 839 2377 860 ex-

1309 871 1469 903 ponerent,
1489 875 1549 895 non
1564 867 1654 896 solum
1671 864 1722 903 ipsi
1736 864 1882 903 praesentes
1906 873 1957 894 nos
1971 863 2132 894 audivimus
2147 867 2246 897 omnia
2263 866 2374 904 prolixe

1309 909 1502 942 exponenteS,
1519 903 1565 935 sed
1580 905 1665 934 etiam
1682 912 1775 933 certos
1790 912 1824 933 ex
1841 901 1944 933 nostris
1960 901 2132 933 Confiliariis
2155 903 2376 946 affignavimus‚

1309 941 1356 977 qui
1371 950 1438 971 cum
1457 943 1495 972 eis
1510 943 1545 973 de
1570 943 1610 972 his
1626 942 1688 980 ipsis
1699 942 1851 972 tractarent
1865 941 1898 971 &
1913 941 2088 972 conferrent.
2116 941 2161 972 Ac
2176 942 2240 982 post
2254 943 2377 975 multam

1308 979 1342 1022 ᾅε
1361 980 1470 1010 variam
1488 981 1523 1011 de
1540 981 1582 1011 his
1601 983 1683 1011 rebus
1696 980 1927 1018 disceptationem
1937 1002 1947 1017 ,
1963 989 2034 1010 cum
2045 981 2145 1011 omnia
2159 982 2290 1022 utrinque
2306 991 2376 1022 pro-

1309 1016 1365 1048 lixe
1390 1019 1424 1048 &
1451 1021 1580 1050 accurate
1607 1019 1771 1057 pertradiata
1789 1018 1879 1050 essent
1893 1041 1903 1056 ,
1927 1028 1991 1049 eam
2009 1019 2126 1049 tandem
2145 1019 2259 1061 Legatis
2277 1021 2378 1053 vestris

1308 1055 1519 1101 responfionem
1545 1058 1674 1089 dedimus
1685 1081 1696 1096 ,
1725 1067 1788 1096 quae
1802 1080 1812 1096 ,
1837 1066 1868 1088 ut
1884 1058 2025 1095 speramus
2039 1079 2050 1095 ‚
2068 1057 2170 1089 vestrae
2186 1059 2377 1098 expediationi

1311 1095 1465 1126 satisfaciet.
1500 1096 1598 1134 Qiam
1616 1106 1710 1128 tamen
1726 1119 1736 1133 ,
1761 1098 1899 1133 quoniam
1923 1097 2012 1126 iidem
2037 1096 2140 1134 Legati
2162 1099 2272 1136 optime
2291 1099 2377 1131 vobis

1310 1142 1454 1170 exponere
1468 1136 1601 1173 possunt,
1616 1135 1656 1164 his
1674 1135 1785 1166 Litteris
1799 1134 1976 1165 inserendam
1990 1145 2050 1165 non
2086 1145 2214 1175 utamus,
2233 1147 2300 1176 quas
2313 1147 2379 1170 eam

1309 1172 1351 1201 ob
1362 1173 1479 1215 ’causam
1500 1175 1641 1203 breviores
1658 1173 1692 1203 ad
1711 1183 1765 1203 vos
1783 1173 1932 1203 mittimus.
1952 1172 2000 1203 De
2018 1144 2114 1205 noKra
2132 1185 2228 1206 autem
2243 1185 2309 1215 erga
2322 1176 2377 1209 Se-

1310 1218 1456 1241 renitatem
1476 1211 1605 1242 Vestram
1625 1210 1867 1242 benevolentia&
1885 1211 1978 1241 studio
1992 1221 2024 1242 ea
2042 1214 2141 1244 omnia
2159 1215 2382 1253 vobis'piomit-

1309 1249 1371 1278 tatis
1389 1273 1399 1288 ‚
1427 1259 1492 1288 quae
1518 1251 1554 1280 ab
1580 1250 1691 1281 Amicis
1718 1251 1750 1280 δε
1779 1248 1873 1281 Vestri
1898 1250 2085 1282 vehementer
2103 1251 2233 1285 studiosis
2250 1254 2379 1288 conferri

1308 1285 1434 1324 possunt.
1455 1288 1556 1327 Deus,
1573 1290 1635 1321 ἃς.
1656 1287 1786 1320 Westm.
1806 1288 1906 1320 Nonis
1926 1287 2000 1319 Maii
2021 1298 2106 1329 1557.

1628 1418 1673 1451 D.
1699 1413 1827 1450 Alberto
1847 1416 1932 1448 Duci
1946 1411 2069 1460 Prtflffiae·

1316 1503 1533 1569 ILlustrisiime
1541 1504 1680 1544 Princeps
1688 1528 1697 1543 ‚
1708 1501 1930 1544 consanguinee
1937 1502 1969 1535 &
1978 1501 2084 1535 Amice
2091 1502 2253 1536 Catiffime.
2263 1505 2381 1545 Propter

1365 1546 1431 1575 anni
1444 1543 1590 1582 superioris
1606 1544 1804 1583 intemperiem
1821 1544 1971 1574 &nimios
1981 1542 2100 1574 Calores
2134 1543 2243 1575 insolita
2262 1546 2301 1577 rei
2318 1546 2381 1577 fru-

1316 1583 1463 1614 mentariae
1477 1584 1590 1614 caritate
1604 1583 1735 1614 nostrum
1750 1582 1860 1621 Angliae
1876 1581 2014 1620 Regnum
2024 1606 2034 1620 ,
2052 1566 2150 1612 multis
2166 1583 2196 1612 in
2215 1583 2304 1622 locis,
2319 1584 2381 1616 hoc

1316 1621 1583 1659 temporelaborat.
1601 1621 1680 1652 Huic
1699 1620 1856 1652 difficultati
1877 1618 1948 1651 crim
1967 1629 2020 1650 nos
2041 1620 2203 1652 consultum
2220 1621 2277 1653 effe
2295 1624 2381 1661 cupi-

1317 1669 1381 1690 mus
1388 1681 1399 1707 ξ
1415 1659 1596 1690 scribendum
1615 1661 1699 1690 nobis
1718 1659 1752 1690 ad
1772 1656 1905 1690 Vestram
1924 1656 2130 1689 Excellentiam
2154 1659 2212 1690 esse
2230 1659 2380 1701 duximus,

1315 1699 1352 1728 ab
1369 1708 1459 1737 eaque
1477 1698 1654 1738 petendum,
1672 1708 1733 1729 non
1750 1697 1912 1735 solum¹pro
1929 1697 1976 1728 ilia
1992 1696 2093 1728 mutua
2111 1700 2283 1729 commercii
2300 1709 2382 1731 exer-

1315 1737 1400 1768 cendi
1417 1737 1638 1775 consuetudine,
1658 1746 1724 1776 quae
1740 1737 1814 1768 inter
1834 1736 1946 1775 Angliae
1966 1735 2105 1776 Regnum
2124 1736 2158 1767 &
2175 1734 2277 1768 vestrae
2294 1737 2381 1770 ditio-

1316 1777 1358 1806 nis
1375 1775 1513 1813 Emporia
1531 1777 1621 1807 libete
1635 1777 1694 1814 jam
1714 1775 1763 1806 diu
1781 1774 1930 1806 intercedit
1967 1774 2014 1806 sod
2034 1774 2131 1806 multo
2149 1776 2239 1815 magis
2255 1786 2308 1814 pro
2328 1787 2381 1809 ve·

1315 1814 1370 1845 strft
1390 1815 1522 1852 singulari
1540 1813 1742 1846 benevolentia
1758 1836 1767 1851 ,
1793 1813 1829 1844 ad
1853 1814 1925 1851 grati
1947 1812 2073 1844 candum
2094 1814 2179 1844 nobis
2194 1814 2288 1853 parata
2305 1814 2382 1846 sem·

1315 1863 1364 1891 per
1383 1862 1468 1891 atque
1484 1853 1627 1891 proposita
1644 1875 1653 1890 ‚
1679 1861 1710 1884 ut
1728 1853 1896 1883 facultatem
1915 1851 2057 1883 concedat
2075 1850 2118 1881 G.
2136 1852 2279 1884 Watsono
2300 1853 2386 1886 Met-

1316 1893 1407 1923 catori
1421 1891 1590 1922 Londinensi
1600 1915 1608 1930 ,
1619 1890 1692 1921 fideli
1711 1890 1811 1922 nostro
1825 1890 1970 1928 familiari,
1987 1889 2045 1921 five
2057 1890 2116 1928 ejus
2131 1889 2387 1932 procuratoribus,

1318 1931 1420 1969 quibus
1441 1930 1592 1961 coemendi
1618 1930 1755 1960 frumenti
1776 1929 1927 1968 negotium
1946 1928 2145 1959 mandavimus
2159 1951 2170 1967 ,
2196 1931 2238 1960 uti
2257 1931 2384 1963 liberum

1317 1970 1368 1999 iilis
1382 1969 1413 1999 sit
1423 1991 1433 2008 ,
1447 1968 1525 2007 justo
1542 1968 1575 2000 ὅ(
1590 1977 1675 2004 aequo
1690 1969 1781 2005 pretio
1797 1967 1915 1999 mercari
1931 1967 2112 1997 frumentum
2122 1989 2131 2004 ‚
2143 1967 2191 1998 vel
2204 1967 2386 2008 Regiomon.

1317 2009 1339 2039 ti
1358 2007 1405 2038 vel
1421 2008 1480 2038 aliis
1501 2006 1601 2039 vestrae
1616 2007 1746 2038 Ditionis
1760 2006 1850 2044 locis,
1868 2006 1917 2036 ubi
1930 2005 1959 2036 id
1975 2004 2163 2036 commodius
2177 2005 2284 2043 poffint
2298 2018 2385 2040 com.

1319 2056 1426 2085 parare.
1463 2047 1561 2085 Atque
1579 2054 1611 2076 ut
1630 2045 1707 2077 idem
1726 2045 1906 2076 frumentum
1929 2045 1964 2074 ab
1982 2043 2035 2074 illis
2059 2044 2128 2074 locis
2152 2044 2234 2075 solito
2248 2045 2285 2076 de
2303 2056 2387 2080 more

1318 2086 1395 2116 vetii
1415 2084 1469 2123 ali,
1485 2085 1575 2116 libere
1593 2084 1693 2115 itidem
1710 2083 1818 2122 poffint
1831 2082 2019 2120 transportare
2037 2082 2066 2112 in
2083 2082 2227 2122 Angliam.
2247 2083 2386 2118 Praeterea

1319 2124 1335 2154 a
1350 2123 1386 2154 V.
1423 2123 1572 2154 xcellentia
1584 2124 1760 2161 petimus,ut
1768 2121 1850 2153 simili
1867 2131 1936 2153 cum
1944 2123 2039 2152 favore
2048 2120 2280 2160 vestr0,1icitum
2288 2123 2320 2154 sit
2330 2125 2387 2156 eis-

1319 2163 1388 2193 dem
1404 2161 1446 2193 G.
1454 2160 1589 2194 Watsoni
1601 2161 1835 2192 Procuratoribus
1844 2184 1855 2199 ,
1864 2160 1952 2191 malos
1963 2183 1973 2198 ,
1982 2160 2113 2191 rudentes
2124 2161 2157 2191 &
2174 2161 2237 2191 alias
2249 2171 2291 2192 res
2304 2163 2339 2194 ad
2352 2174 2387 2194 u-

1320 2201 1381 2233 sum
1409 2199 1511 2232 Classis
1538 2199 1643 2231 nostrae
1669 2199 1832 2230 necessarias
1849 2222 1859 2238 ‚
1880 2198 1957 2237 justo
1983 2199 2081 2236 precio
2106 2201 2123 2231 ὲ
2149 2198 2246 2230 vestris
2263 2200 2389 2234 Subditis

1320 2240 1452 2271 mercati.
1470 2239 1569 2278 ltaque
1586 2238 1621 2269 ad
1640 2238 1860 2278 comparandam
1885 2237 1986 2268 nostro
2013 2236 2132 2268 nomine
2150 2247 2213 2268 rem
2232 2238 2391 2272 frumenta-

1320 2280 1411 2316 riam,
1429 2279 1462 2309 &
1478 2278 1513 2308 ad
1528 2277 1735 2318 providendam
1748 2299 1758 2314 ,
1776 2277 1811 2308 ad
1829 2275 1960 2308 nostrum
1977 2275 2077 2313 usum,
2094 2276 2224 2307 navalem
2245 2279 2392 2310 materiam

1320 2317 1341 2347 si
1357 2316 1401 2347 isti
1426 2315 1626 2347 Procuratores
1642 2318 1684 2347 uti
1705 2316 1809 2355 poffint
1825 2339 1835 2354 ,
1860 2324 1929 2345 cum
1948 2323 2021 2352 opus
2039 2315 2142 2353 fuerit,
2159 2314 2253 2350 vestra
2272 2317 2389 2348 Autho-

1323 2357 1404 2387 ritate
1426 2364 1510 2394 atque
1537 2354 1652 2394 publicai
1670 2354 1747 2390 fide,
1778 2354 1940 2385 curabimus
1965 2354 2116 2389 diligenter
2141 2362 2172 2385 ut
2197 2354 2257 2386 hoc
2281 2355 2391 2387 facturn

1324 2394 1453 2425 vestrum
1480 2395 1537 2432 pari
1554 2394 1690 2424 amicitiae
1709 2392 1813 2424 officio
1827 2415 1837 2430 ‚
1859 2402 1930 2424 cum
1953 2390 2069 2423 occasio
2087 2390 2157 2423 ferat
2175 2414 2186 2431 ,
2204 2392 2290 2425 fimus
2307 2403 2391 2426 corn-

1321 2433 1472 2473 pensaturi.
1489 2433 1616 2466 Westm.
1635 2433 1664 2462 6.
1684 2431 1758 2463 Maii
1781 2439 1866 2471 1557.

1701 2559 1746 2593 D.
1770 2559 1852 2592 Daci
1869 2556 2005 2600 Clivensi.

1323 2643 1610 2707 EXcellentiffime
1620 2642 1767 2683 Princeps,
1777 2643 1946 2675 Chariffime
1954 2642 2184 2682 Consanguinee.
2193 2642 2276 2674 Cum
2285 2651 2320 2674 ex
2329 2642 2387 2675 vita

1401 2684 1551 2715 discesserit
1561 2683 1659 2714 faelicis
1668 2685 1816 2714 memoriae
1825 2681 2007 2713 niustriffima
2017 2682 2110 2712 vestra
2120 2682 2209 2713 Soror
2219 2682 2252 2712 &
2259 2680 2392 2712 Consan-

1322 2725 1422 2760 guinea
1452 2722 1545 2753 nostra
1562 2722 1722 2752 chariffima
1738 2721 1778 2752 D.
1797 2725 1882 2752 Anna
1900 2719 2026 2751 Clivens.
2045 2729 2158 2750 certum
2172 2719 2302 2750 nostrum
2317 2729 2391 2750 con-

1325 2762 1414 2791 lilium
1437 2761 1492 2792 fuit
1507 2783 1517 2798 ,
1538 2761 1753 2799 quamprimum
1771 2759 1846 2799 justa
1861 2782 1871 2798 ‚
1894 2759 1930 2789 de
1947 2768 2027 2788 more
2044 2758 2136 2796 deque
2149 2758 2286 2796 dignitate
2301 2767 2390 2789 tantae

1323 2799 1457 2830 foeminae
1471 2822 1480 2836 ,
1499 2799 1552 2829 rite
1571 2798 1645 2829 faita
1661 2798 1766 2836 essent,
1784 2807 1911 2836 cumque
1927 2797 2031 2835 reliqua
2051 2797 2122 2826 illius
2134 2796 2260 2826 Familiae
2275 2797 2391 2836 negotia

1322 2839 1401 2869 redte
1421 2837 1510 2868 eiient
1526 2836 1699 2873 constituta,
1716 2836 1782 2867 tum
1796 2838 1890 2874 primo
1905 2844 2022 2874 quoque
2047 2843 2177 2872 tempore
2191 2835 2225 2866 &
2242 2844 2322 2866 certo
2336 2845 2392 2865 no-

1321 2876 1379 2906 stro
1402 2877 1502 2907 nuntio
1517 2899 1527 2914 ,
1554 2875 1622 2905 cum
1640 2884 1802 2905 moerorem
1823 2873 1974 2911 nostrum,
1996 2883 2085 2910 quem
2114 2875 2246 2911 cepimus
2274 2883 2309 2903 ex
2332 2875 2392 2912 ejus

1321 2916 1424 2952 obitu,
1441 2924 1504 2946 tum
1519 2914 1672 2945 consilium
1708 2913 1788 2950 quod
1815 2913 1914 2943 secutae
1937 2912 2033 2942 sumus
2049 2912 2078 2941 in
2097 2919 2162 2941 toto
2176 2913 2236 2942 hoc
2254 2913 2393 2951 negotio,

1323 2953 1384 2984 fuse
1410 2954 1443 2984 &
1467 2954 1633 2991 opportune
1662 2938 1771 2983 Vestrae
1793 2950 1982 2982 Excellentiae
2005 2949 2157 2980 declarare.
2175 2950 2312 2988 Cumque
2331 2951 2390 2981 hoc

1323 2991 1455 3022 nostrum
1476 2991 1654 3026 institutum,
1670 2990 1866 3030 magnitudine
1880 2991 1980 3020 harum
1997 2998 2094 3019 rerum
2115 2989 2148 3019 &
2165 2989 2208 3019 his
2223 2990 2309 3020 etiam
2325 2989 2392 3021 belli

1324 3031 1503 3068 temporibus
1517 3054 1526 3068 ,
1554 3040 1616 3060 non
1641 3030 1711 3059 nihil
1729 3028 1869 3060 tardatum
1886 3027 2114 3066 impeditumque
2129 3025 2240 3066 fuisset,
2259 3037 2394 3058 commo-

1326 3069 1415 3099 modc
1437 3069 1629 3099 interveniunt
1648 3067 1741 3098 Vestri
1758 3067 1894 3098 Oratores
1907 3090 1915 3106 ‚
1936 3064 2081 3105 magnifici
2102 3066 2136 3096 &
2149 3075 2247 3105 graves
2267 3065 2330 3096 Viri
2347 3065 2391 3095 D.

1324 3106 1468 3138 Henricus
1477 3107 1602 3145 Hoven,
1621 3107 1654 3138 &
1672 3106 1714 3137 D.
1733 3106 1878 3137 Arnoldus
1891 3107 1907 3136 a
1925 3105 2032 3142 Loway
2044 3128 2054 3141 ,
2070 3113 2140 3134 cum
2159 3104 2270 3135 Litteris
2285 3102 2394 3134 Vestrae

1327 3145 1529 3178 Excellentiae:
1549 3147 1670 3177 libenter
1689 3146 1807 3184 quidem
1830 3154 1886 3175 nos
1910 3145 1943 3176 &
1960 3143 2006 3173 has
2024 3143 2144 3173 Litteras
2159 3143 2276 3180 legimus
2292 3142 2325 3172 &
2341 3142 2395 3173 hos

1327 3185 1465 3216 Oratores
1486 3185 1652 3222 accepimus
1669 3206 1676 3221 ,
1703 3193 1860 3221 eorumque
1877 3182 2012 3214 sermonis
2024 3190 2088 3212 eam
2109 3181 2236 3216 inprimis
2250 3181 2393 3211 rationem

1325 3224 1479 3254 habuimus
1494 3249 1503 3263 ‚
1529 3233 1559 3254 ut
1576 3233 1635 3253 non
1656 3222 1746 3252 solum
1762 3222 1879 3252 illorum
1906 3219 2085 3259 postulationi
2105 3218 2251 3258 diligenter
2277 3219 2294 3248 a
2310 3221 2394 3250 nobis

1326 3263 1509 3300 prospectum
1525 3285 1534 3299 ,
1558 3261 1605 3292 sed
1631 3260 1731 3292 vesttae
1760 3261 1846 3291 etiam
1881 3258 2019 3290 voluntati
2053 3265 2137 3293 atque
2166 3257 2360 3295 expectationi
2381 3280 2393 3296 ,

1326 3301 1413 3337 plene
1423 3325 1431 3339 ,
1441 3302 1478 3331 uti
1494 3300 1651 3338 speramus,
1669 3299 1838 3330 satisfactum
1852 3297 1909 3337 effe
1925 3296 2132 3339 existimemus:
2151 3304 2236 3333 prout
2251 3305 2336 3327 tantae
2349 3298 2389 3327 rei

1327 3341 1360 3370 ὅ(
1385 3348 1443 3369 tam
1468 3343 1551 3369 aretae
1573 3340 1643 3369 inter
1662 3347 1714 3367 nos
1735 3337 1832 3368 multis
1856 3335 1949 3366 modis
1970 3332 2131 3365 constitutae
2153 3335 2287 3365 amicitiae
2311 3336 2384 3366 ratio

1326 3377 1468 3415 postulare
1489 3377 1623 3408 videatur.
1658 3374 1754 3414 Itaque
1772 3375 1843 3405 crim
1860 3374 1897 3417 ‘hi
1919 3372 2175 3415 Oratores-rerum
2198 3372 2253 3404 hic
2274 3374 2304 3404 in
2328 3373 2390 3405 tota

1327 3417 1381 3446 hac
1395 3416 1477 3446 causa
1492 3415 1633 3455 gestarum
1656 3415 1746 3453 probe
1761 3412 1867 3444 conscii
1884 3411 1952 3448 sint,
1970 3418 2134 3448 rogavimus
2147 3421 2213 3449 em,
2232 3420 2262 3442 ut
2274 3421 2388 3442 earum-

1327 3455 1395 3485 dem
1410 3464 1524 3492 quoque
1538 3453 1610 3493 apud
1626 3450 1756 3482 Vestram
1771 3449 1976 3492 Excellentiam
1993 3448 2139 3486 praesentes
2152 3449 2252 3481 Testes
2266 3450 2324 3481 effe
2338 3460 2390 3481 ve-

1327 3493 1389 3523 lint.
1410 3494 1528 3530 Qiibus
1547 3501 1578 3522 ut
1598 3491 1698 3520 eadem
1724 3490 1861 3520 tribuatur
1880 3486 1947 3517 fides
1965 3497 1994 3516 in
2017 3486 2070 3517 hac
2085 3487 2185 3526 causa,
2203 3498 2288 3526 quam
2307 3489 2391 3520 certis

1329 3531 1431 3562 nostris
1447 3530 1614 3561 Oratoribus
1631 3528 1715 3558 tribui
1730 3535 1897 3564 cuperemus
1904 3548 1914 3564 ,
1931 3525 2091 3556 admodum
2107 3526 2288 3562 postulamus.
2324 3526 2387 3557 Vo-

1327 3569 1419 3599 lumus
1439 3570 1525 3599 etiam
1545 3576 1594 3604 ut,
1620 3565 1719 3596 nostro
1747 3566 1890 3602 nomine,
1918 3563 2027 3595 Vestrae
2051 3563 2233 3595 Excellentiae
2262 3563 2388 3596 offerant

1327 3608 1449 3644 quodvis
1472 3608 1488 3636 a
1504 3607 1588 3636 nobis
1610 3604 1745 3633 officium
1759 3603 1836 3640 quod
1847 3625 1857 3640 ,
1871 3602 1942 3640 justa
1956 3603 1990 3632 ad
2009 3602 2037 3633 id
2048 3601 2142 3632 oblata
2155 3605 2395 3641 opportunitate,

1327 3646 1372 3674 vel
1391 3654 1471 3675 vetus
1486 3643 1621 3674 Amicitia
1638 3642 1765 3678 poscere,
1785 3641 1828 3672 vel
1844 3643 1918 3672 areta
1941 3641 2132 3679 propinquitas
2149 3640 2289 3678 postulare
2301 3650 2389 3681 pote-

1327 3685 1370 3713 rit.
1390 3683 1489 3720 Deus,
1509 3684 1569 3714 &c.
1588 3680 1661 3718 apud
1676 3678 1716 3710 D.
1730 3679 1895 3719 jacobum,
1913 3689 1944 3720 4.
1962 3679 2040 3719 Sept.
2063 3685 2146 3719 1557.

1628 3818 1675 3850 D.
1700 3817 1822 3850 Mariae
1839 3816 1922 3848 Duci
1941 3814 2078 3857 Clivetfi.

1911 3883 2004 3965 (ζῖἆά
2021 3896 2119 3927 Vestra
2132 3893 2322 3939 Excelffintia,
2341 3911 2390 3932 na-

1328 3904 1381 3964 E
1392 3900 1621 3933 Xcellentiffima
1635 3902 1788 3939 Princeps,
1807 3898 1844 3929 C.
1855 3898 1893 3929 C.
1974 3937 1979 3942 ι

1972 3944 2064 3966 itteras
2079 3944 2164 3967 tantae
2181 3938 2389 3970 benevolentiae

1404 3942 1448 3971 &a
1462 3940 1644 3970 occasionem
1660 3941 1695 3970 ad
1712 3950 1764 3970 nos
1779 3936 1934 3974 scribendi,
2089 3975 2093 3979 ι

1329 3981 1362 4012 &
1385 3979 1480 4009 officii
1505 3979 1598 4017 plenas
1619 3980 1701 4008 nobis
1723 3977 1851 4011 miserit,
1869 3983 2031 4013 pergratum
2046 3975 2180 4012 quidem,
2200 3976 2234 4007 &
2248 3986 2388 4014 quantum

1328 4018 1499 4049 communis
1521 4017 1570 4046 hic
1592 4016 1735 4054 utriusque
1750 4012 1883 4044 nostrsim
1901 4013 1958 4042 hoc
1974 4021 2105 4049 tempore
2119 4014 2201 4044 dolor
2216 4017 2388 4053 patiebatur,

1323 4056 1494 4095 jucundum
1508 4056 1592 4085 etiam
1607 4055 1692 4084 nobis
1706 4053 1807 4084 exritit.
1827 4051 1956 4094 Pro-hac
1973 4052 2044 4088 grati
2058 4052 2145 4081 animi
2162 4052 2248 4082 vestri
2264 4063 2388 4090 propen-

1327 4095 1421 4133 sione,
1443 4093 1542 4134 gratias
1563 4092 1596 4124 δε
1618 4102 1697 4123 nunc
1719 4092 1840 4123 libenter
1854 4098 1986 4129 agimus,
2010 4090 2043 4122 &
2065 4098 2137 4120 cum
2151 4090 2264 4121 occasio
2281 4091 2393 4160 tuleraifi,
