2561 4263
808 165 1236 215 REGINAE

616 348 690 392 Regi
708 345 836 379 Polom'ae.

199 428 276 490 M
286 428 385 460 ARIA
396 453 404 468 ‚
413 432 473 462 ἃς.
489 428 672 470 Sigismundo
684 429 811 467 Augusto
820 453 828 467 ,
838 430 898 460 &c
916 429 1093 460 Sereniffime
1107 429 1254 467 Princeps,

294 468 388 499 Frater
403 471 435 500 &
453 470 670 508 Conlanguinee
695 466 874 498 Chariffime.
908 470 1032 499 Societas
1054 468 1254 500 Mercatorum

199 503 330 536 nostrum
355 507 583 538 Londin'enfium
604 505 676 540 aoud
701 515 751 537 nos
777 507 926 544 conquesti
942 508 1019 544 sunt,
1037 507 1187 537 Thomam
1205 507 1254 535 Al-

199 543 279 573 cock
297 553 385 575 unum
405 556 439 576 ex
465 546 698 576 Procurator-ibus
712 545 782 575 illius
799 546 963 583 societatis,
980 547 1049 575 duxi
1065 555 1113 583 per
1126 545 1252 575 dominia

199 580 310 613 Vestrae
331 583 484 621 Majestatis
501 584 553 613 iter
569 583 690 621 faceret,
709 584 945 621 comprehensum
959 584 1031 621 esse,
1051 584 1084 614 &
1097 583 1171 620 apud
1189 583 1213 612 V
1218 584 1254 612 il-

199 629 268 652 nan]
293 623 323 652 in
346 621 480 652 Lituania
501 622 588 651 etiarn
606 632 682 652 nunc
700 623 728 652 in
743 622 871 652 custodiit
885 623 1020 659 detineri,
1035 631 1125 659 quum
1142 630 1254 658 tamen,

197 658 270 688 nihil
291 660 326 690 de
345 670 403 699 quo
427 670 478 690 nos
493 660 587 690 audire
603 659 746 697 poss'umus
759 683 768 698 ‚
796 661 839 692 vel
863 670 960 690 contra
975 669 1068 690 mores
1084 661 1116 690 &
1131 659 1255 689 instituta

199 697 272 727 illius
281 697 438 737 Regionis,
457 699 500 730 vel
518 707 618 729 contra
629 699 702 738 leges
713 699 821 730 Vestrae
832 697 985 736 Majestatis
998 698 1147 728 admiserit.
1164 697 1255 736 Qod

201 737 274 765 crim
294 735 328 765 ad
349 746 399 765 nos
421 737 558 774 perlatum
583 737 651 767 effer
665 761 674 776 ³
699 745 852 767 moverunt
867 747 919 766 nos
938 736 1136 766 Mercatorum
1159 745 1256 773 preces

202 773 329 804 omnino
347 774 429 812 justae
445 799 454 814 ,
475 785 503 806 ut
529 776 611 806 nobis
632 776 799 806 videbantur
815 798 824 813 ‚
842 784 872 805 ut
886 784 970 812 quarn
986 775 1111 812 primum
1127 776 1208 804 nobis
1223 775 1256 804 ad

200 811 334 843 Vestram
348 813 531 845 Serenitatem
547 815 724 844 scribendum
739 814 795 845 esse
811 814 978 844 duceremur
991 836 1000 849 .,
1026 815 1062 844 ab
1076 812 1166 850 estque
1181 822 1258 851 pera-

202 851 281 893 rnice
296 852 454 889 petendum
465 875 474 890 ‚
490 862 519 883 ut
533 853 664 883 Thomas
679 852 812 889 Alcock,
824 861 910 890 quem
926 851 1062 889 diximus,
1072 851 1179 882 Vestrae
1191 851 1260 881 Ma-

201 888 307 926 Jestatis
320 891 488 921 authoritate
505 899 586 929 atque
596 890 690 930 jussu,
709 889 837 921 custodia
852 890 982 919 liberetur
997 912 1006 926 ,
1024 891 1105 926 eique
1127 889 1190 920 data
1208 900 1259 926 pu-

208 927 283 958 blica
295 928 368 968 fide,
386 930 523 960 &libero
540 937 722 967 commeatu,
740 930 881 968 integrum
903 928 934 957 sit
954 937 1004 965 per
1017 928 1105 958 vestra
1120 928 1260 958 Dominia

207 966 307 997 hucin
320 967 455 1005 Angliam
477 969 584 998 reverti.
621 966 659 997 Et
676 968 812 1005 quoniam
831 965 947 1004 Regum
962 967 995 997 ὃς
1011 966 1179 1004 Principum
1192 972 1260 996 ‘orn-

207 1006 308 1043 nium,
319 1007 393 1036 inter
407 1016 478 1044 quos
496 1006 617 1037 amicitia
637 1005 766 1043 constat,
785 1004 917 1035 consensu
931 1013 1016 1042 atque
1029 1005 1174 1035 voluntate
1189 1014 1260 1034 con-

208 1044 274 1074 cedi
287 1044 368 1083 solet,
387 1054 419 1075 ut
433 1054 600 1079 mercaturae
615 1044 779 1074 exercendae
796 1042 1022 1080 causa,liberam
1036 1043 1154 1073 adeundi
1169 1043 1202 1073 &
1217 1053 1261 1072 re-

208 1082 314 1113 deundi
329 1082 493 1115 facultatem
508 1083 643 1119 habeant,
659 1091 778 1119 eamque
791 1091 843 1111 nos
852 1081 976 1111 Subditis
989 1080 1085 1111 vestris
1100 1082 1261 1112 humanita-

209 1129 288 1158 tem,
307 1130 341 1151 ex
363 1131 422 1159 quo
443 1123 471 1150 in
489 1120 599 1157 Regno
621 1119 720 1150 nostro
735 1120 855 1156 fuimus,
872 1120 992 1150 libenter
1006 1119 1213 1157 conceffimus‚
1227 1120 1261 1149 ὃ(

206 1159 366 1190 concedere
384 1159 581 1198 decrevimus,
607 1159 623 1188 a
642 1157 743 1189 Vestra
762 1158 913 1189 Serenitate
933 1159 1054 1197 petimus
1069 1181 1078 1196 ‚
1105 1169 1135 1189 ut
1153 1159 1262 1197 quoties

210 1198 331 1237 posthac
354 1197 444 1228 nostri
466 1198 557 1235 aliqua
577 1207 625 1234 per
639 1196 749 1227 Vestrae
766 1196 894 1227 Ditionis
908 1197 972 1227 loca
999 1197 1155 1228 transeundi
1176 1206 1262 1226 occa-

212 1236 320 1267 fionem
337 1236 461 1267 habituri
478 1235 551 1274 sint,
569 1235 598 1266 id
612 1237 652 1266 eis
663 1236 753 1266 libere
763 1258 774 1274 ,
797 1245 863 1266 cum
881 1235 958 1266 bona
975 1234 1082 1266 Vestrae
1099 1236 1263 1266 Serenitatis

212 1273 302 1304 orati&
317 1296 326 1311 ‚
353 1274 410 1305 fine
434 1273 529 1312 aliqua
548 1273 708 1306 vestrorum
728 1274 947 1310 interpellatione
962 1282 1009 1305 aut
1026 1273 1153 1304 molestia
1171 1274 1262 1304 facere

208 1298 301 1343 liceat.
324 1312 425 1351 Quam
438 1313 545 1344 Vestrae
559 1312 718 1343 Serenitatis
732 1314 760 1342 in
779 1312 890 1343 nostros
911 1313 1112 1343 humanitatem
1129 1314 1161 1344 &
1179 1312 1263 1342 fimili

210 1351 240 1381 in
256 1350 363 1381 vestros
375 1352 508 1382 homines
521 1350 631 1389 studio,
649 1352 682 1382 &
698 1351 862 1388 voluntate,
874 1351 906 1381 &
923 1351 979 1381 aliis
994 1351 1092 1388 quibus
1108 1352 1264 1389 poterimus

208 1388 312 1466 Basilicus
333 1391 516 1458 cognpensare
528 1389 712 1422 studebimus.
721 1388 802 1421 Deus
808 1391 888 1429 ,&c.
900 1387 986 1427 Apud
1003 1388 1043 1419 D.
1052 1388 1201 1428 Jacobum
1211 1411 1220 1428 ‚
1236 1398 1265 1418 2.

229 1438 245 1458 u
259 1438 288 1458 u.
310 1436 362 1467 155
388 1451 394 1459 .

498 1555 544 1586 D.
568 1553 700 1607 Αάοζιώρ
719 1555 801 1587 Duci
817 1550 968 1599 Hofflztiae.

212 1637 432 1702 ILlustriffime
444 1637 823 1677 Princeps,Consanguinee
841 1637 1019 1669 Charisfime.
1029 1637 1134 1677 Qum
1144 1637 1263 1668 Litteras

262 1676 366 1707 vestras
374 1676 435 1706 Cal.
442 1675 504 1715 Jan.
515 1676 628 1713 scriptas
636 1700 644 1714 ‚
651 1679 755 1707 amoris
769 1679 801 1708 &
813 1678 1019 1708 benevolentia:
1026 1685 1090 1715 erga
1098 1686 1151 1706 nos
1159 1675 1263 1706 Subdi-

211 1715 312 1753 tosque
324 1714 436 1745 nostros
450 1715 542 1752 plenas
551 1716 752 1753 acceprflemus
760 1739 768 1754 ‚
780 1716 880 1754 quibus
893 1717 928 1746 de
940 1715 1119 1745 commercio
1127 1715 1198 1744 inter
1209 1723 1264 1743 no-

210 1754 283 1785 stros
298 1754 429 1783 homines
442 1754 629 1792 Subditosque
643 1754 752 1784 vestros
771 1754 922 1784 nobiscum
945 1753 1086 1790 peramice
1102 1753 1210 1791 egistis,
1228 1761 1265 1781 eo

210 1801 269 1823 tem
273 1801 343 1830 pore
356 1801 404 1828 pet
416 1792 533 1823 Litteras
544 1792 648 1822 nostras
657 1792 851 1829 respondimus
860 1814 869 1828 ,
878 1792 1003 1823 missuras
1015 1801 1067 1821 nos
1079 1800 1173 1822 certos
1184 1791 1262 1820 Mer-

211 1839 321 1862 catores
335 1853 345 1868 ,
370 1831 418 1868 qui
438 1829 473 1860 de
487 1831 684 1869 Navigationis
697 1840 800 1867 genere
814 1833 1004 1869 locorumque
1018 1829 1064 1860 usu
1078 1831 1110 1861 &
1123 1837 1263 1868 opportu-

210 1871 299 1900 nitate
318 1869 522 1908 intelligerent,
547 1870 580 1900 &
604 1877 656 1898 nos
677 1870 809 1899 certiores
824 1870 958 1900 facerent.
980 1867 1017 1898 Et
1035 1868 1172 1907 quoniam
1185 1876 1261 1897 nunc

214 1906 410 1943 Mercawres,
429 1907 527 1937 nostro
540 1907 659 1938 consilio
673 1930 681 1944 ‚
704 1907 821 1938 libenter
834 1918 903 1939 cum
919 1907 971 1938 suis
986 1908 1145 1943 mercibus,
1161 1905 1196 1935 ad
1210 1915 1262 1935 ve-

211 1945 277 1976 strae
291 1945 417 1976 Ditionis
430 1945 493 1976 loca
510 1947 542 1977 &
558 1946 643 1976 urbes
656 1945 1073 1983 proficiscuntur,scribendum
1087 1945 1122 1975 ad
1130 1944 1261 1975 Vestram

212 1983 419 2014 Excellentiam
436 1984 594 2022 putavimus
608 2007 618 2023 ‚
642 1984 679 2013 ab
698 1983 787 2022 eaque
808 1985 964 2022 petendum
981 2007 990 2022 ‚
1014 1993 1044 2015 ut
1069 1983 1265 2020 Mercatores,

214 2031 289 2059 quos
303 2021 442 2058 diximus,
459 2021 531 2052 dum
547 2021 609 2053 istic
622 2030 721 2059 erunt,
740 2024 769 2052 in
780 2022 858 2054 suam
872 2023 987 2054 tutelam
1002 2022 1134 2059 recipiat,
1152 2019 1197 2051 sua
1208 2021 1266 2051 hu-

215 2059 392 2092 manitate&
405 2059 605 2093 benevolentia
617 2061 823 2100 complectatur
831 2062 965 2102 ‚ipfisque
978 2060 1142 2095 facultatem
1158 2068 1264 2090 conce-

1323 163 1751 214 ANGLIAE.
2311 180 2362 229 1‘7

1291 255 1381 299 dat-ea
1394 256 1489 287 omnia
1504 257 1592 288 libere
1606 258 1706 296 agendi
1716 281 1725 296 a
1740 267 1803 298 quae
1818 257 1853 289 ad
1874 258 1964 289 mutui
1981 259 2150 288 commercii
2166 260 2199 290 ὃς
2213 261 2343 291 amicitiae

1292 302 1431 324 rationem
1445 297 1582 332 pertinere
1599 298 1777 328 videbuntur.
1798 297 1888 334 Quod
1904 307 1934 327 ut
1950 298 2030 326 nobis
2048 305 2205 334 pergratum
2224 300 2290 336 erit,
2307 301 2343 329 ita

1293 332 1407 370 vestro,
1424 333 1442 362 sr
1459 335 1507 371 qui
1521 335 1575 364 huc
1591 343 1757 365 mercatura:
1770 335 1853 365 causa
1866 336 1996 370 venient,
2016 335 2135 365 eandem
2152 338 2342 368 commodita-

1294 378 1353 412 tem
1364 371 1398 401 ὅ(
1414 371 1615 403 humanitatem
1635 374 1762 404 exhiberi
1781 374 1954 411 jubebimus.
1980 373 2079 411 Deus,
2095 374 2155 404 &o
2172 372 2341 404 Richmon-

1293 408 1364 446 diae,
1386 409 1514 447 28.Julii
1537 412 1617 449 1558.

1521 535 1581 571 Ad
1593 539 1768 570 Societatem
1783 539 1902 570 Hanzae
1919 534 2107 570 Tenthonicaez

1293 618 1494 678 MAgnifici
1506 619 1637 658 Domini,
1646 621 1741 652 Amici
1751 621 1926 652 Chariffimi.
1935 622 2052 653 Litteras
2060 621 2164 653 vestras
2175 622 2219 652 16.
2229 621 2292 654 Cal.
2303 623 2343 655 A„

1389 659 1463 695 prilis
1478 658 1599 690 Lubicae
1613 659 1702 699 datas,
1721 660 1853 699 Oratores
1867 661 1895 690 hi
1913 661 1995 691 vestri
2005 683 2015 698 ,
2037 662 2083 699 qui
2096 662 2145 692 has
2160 661 2266 692 nostras
2279 672 2341 699 per-

1293 693 1391 725 ferunt
1401 719 1411 734 ,
1425 697 1508 725 nobis
1519 698 1697 729 tradiderunt,
1707 698 1768 736 Qui
1785 700 1813 728 in
1827 699 1966 729 obeundo
1980 708 2045 730 toto
2062 709 2098 729 eo
2113 701 2246 738 negotiu,
2256 700 2347 738 qu0d5

1295 733 1391 763 vestro
1404 736 1552 778 mandam,
1568 737 1715 766 nobiscum
1734 736 1781 766 hic
1796 737 1937 776 agendum
1952 737 2002 767 illis
2017 737 2087 774 fuit,
2106 739 2137 768 ea
2150 737 2292 776 diligentia
2306 741 2346 769 ult

1296 771 1374 809 sunt,
1393 782 1423 803 ut
1441 773 1502 803 illos
1516 776 1550 804 ad
1565 784 1616 803 vos
1634 783 1820 812 revertentes,
1839 776 2006 806 Litterarum
2022 777 2178 808 nostrarum
2193 786 2348 808 commen-

1296 811 1409 841 datione
1425 811 1628 850 persequendos
1643 812 1699 842 effe
1714 813 1887 843 duxerimus.

1333 848 1370 879 Et
1384 852 1554 888 quamquam
1572 860 1631 880 non
1647 850 1754 889 defuit,
1771 862 1825 881 nec
1842 853 1869 881 in
1886 852 1968 882 nobis
1982 874 1991 889 ‚
2019 850 2111 883 necin
2128 848 2230 883 nostris
2247 850 2350 891 quibus

1297 887 1368 917 illius
1383 890 1487 927 negotii
1501 890 1698 928 cognitionem
1713 890 1909 919 commisimus
1927 913 1936 928 ,
1964 900 2052 927 parata
2067 891 2182 929 quidem
2202 892 2349 929 voluntas,

1298 927 1393 962 primo
1412 937 1526 966 quoque
1549 937 1694 965 tempore,
1713 927 1916 966 respondendi,
1933 930 1966 959 &
1986 930 2149 967 expediendi
2173 929 2226 959 hos
2240 929 2348 960 vestros

1297 963 1451 1002 Oratores,
1469 975 1563 997 tamen
1579 966 1644 996 hoec
1660 966 1723 996 belli
1739 969 1888 1005 tempora,
1910 968 1943 997 &
1962 966 2111 997 charissimi
2126 967 2253 999 nostri&
2265 967 2350 998 Con-

1294 1003 1366 1040 jugis
1383 1003 1415 1033 ὃ(
1432 1003 1553 1035 Domini
1570 1004 1670 1043 Regiae
1685 1004 1841 1043 Majestatis
1860 1005 1982 1035 absentia
1998 1029 2007 1042 ,
2034 1014 2113 1036 tanto
2128 1006 2210 1036 nobis
2224 1006 2349 1044 impedi·

1299 1050 1400 1084 mento
1415 1041 1544 1081 fuerunt,
1563 1051 1593 1074 ut
1607 1042 1702 1074 vestris
1717 1043 1882 1081 respondere
1894 1052 1957 1074 ante
1970 1043 2028 1074 hoc
2047 1052 2161 1083 tempus
2174 1054 2232 1074 non
2249 1046 2349 1083 potue-

1299 1089 1394 1109 rimus.

1334 1116 1394 1147 Res
1406 1120 1597 1151 controversae
1609 1130 1642 1150 ac
1659 1120 1782 1151 traslatae
1794 1121 1854 1158 jam
1868 1122 1942 1151 inter
1958 1120 2069 1152 nostros
2078 1120 2298 1152 Commissario‘s
2315 1121 2351 1152 &

1299 1154 1412 1200 vestros·
1428 1157 1565 1188 Oratores
1577 1181 1586 1196 ,
1604 1169 1662 1188 non
1685 1169 1750 1189 eum
1766 1160 1922 1190 habuerunt
1941 1160 2066 1197 exitum,
2086 1160 2119 1190 ad
2136 1169 2222 1197 quem
2237 1160 2351 1190 fortasse

1299 1193 1414 1231 perduci
1437 1204 1605 1234 potuerant,
1631 1206 1689 1226 non
1715 1198 1806 1228 solum
1830 1207 1945 1235 propter
1966 1198 2101 1229 rationem
2118 1197 2224 1228 horum
2240 1207 2354 1236 tempo-

1300 1241 1382 1270 rum,
1400 1233 1446 1264 sed
1459 1244 1494 1264 eo
1508 1236 1593 1265 etiam
1611 1236 1729 1265 nomine
1747 1259 1755 1273 ‚
1775 1237 1850 1274 quod
1866 1235 1949 1266 vestri
1969 1236 2104 1266 Oratores
2125 1247 2185 1266 non
2207 1237 2356 1266 habuerint

1299 1270 1463 1302 facultatem
1484 1273 1619 1304 tractandi
1638 1274 1671 1304 &
1692 1274 1774 1312 plene
1793 1274 1984 1305 concludendi
2008 1274 2042 1304 de
2057 1276 2109 1305 illis
2131 1274 2330 1305 controversiis
2343 1296 2354 1312 ,

1301 1318 1365 1355 quae
1387 1311 1414 1340 in
1437 1311 1666 1348 disceptationem
1687 1322 1719 1342 ac
1744 1313 1930 1351 quaestionem
1953 1321 2064 1343 vocatae
2078 1314 2199 1344 fuerunt.
2239 1313 2355 1344 Tamen

1302 1356 1371 1377 cum
1389 1349 1404 1378 a
1419 1350 1501 1378 vobis
1519 1350 1575 1381 huc
1594 1352 1740 1381 mittentur
1755 1351 1887 1381 Oratores
1899 1350 1972 1389 justa
1989 1352 2162 1382 communiti
2177 1351 2358 1387 authoritate,

1301 1385 1336 1415 ad
1357 1385 1417 1417 hoc
1436 1389 1586 1425 negotium
1607 1388 1814 1426 expediendum
1827 1411 1837 1427 ,
1858 1399 1916 1419 non
1935 1389 2094 1420 dubitamus
2108 1412 2117 1426 ,
2135 1391 2203 1427 quin
2219 1397 2279 1419 tota
2294 1389 2359 1419 haec

1302 1425 1397 1467 causa,
1412 1434 1448 1456 eo
1465 1427 1557 1464 exitu,
1573 1428 1702 1458 conclusa
1717 1428 1830 1458 tandem
1848 1428 1949 1465 fuerit,
1965 1430 2012 1466 qui
2028 1429 2167 1465 utriusque
2184 1429 2265 1466 partis
2279 1427 2353 1457 Sub-

1304 1462 1368 1492 d1trs
1390 1465 1553 1494 commodo
1575 1466 1630 1496 effe
1647 1464 1729 1504 poffit
1744 1476 1750 1494 ε
1767 1466 1800 1495 ad
1817 1476 1900 1504 quam
1921 1475 1982 1496 rem
1998 1465 2216 1504 perficiendam,
2235 1466 2303 1495 nihil
2321 1474 2356 1494 ex

1306 1507 1382 1547 parte
1401 1501 1496 1532 nostra
1512 1502 1598 1535 deerit
1615 1525 1625 1542 ,
1648 1512 1781 1543 quatenus
1794 1507 1907 1542 aequitas
1925 1505 1958 1536 &
1976 1505 2045 1535 ratio
2061 1505 2199 1543 postulare
2215 1504 2357 1534 videbun-

1306 1546 1362 1568 tur.

1348 1577 1457 1609 Interea
1472 1579 1625 1617 temporis,
1644 1587 1676 1610 ut
1691 1588 1820 1618 appareat
1833 1590 1892 1618 quo
1913 1579 2005 1610 studio
2027 1591 2079 1611 nos
2091 1580 2251 1618 afficimur,
2269 1588 2300 1611 ut
2315 1589 2357 1610 ae-

1308 1626 1400 1656 quum
1415 1619 1447 1649 &
1464 1618 1626 1648 indifferens
1638 1619 1848 1648 commercium
1866 1619 1934 1648 hinc
1955 1618 2019 1648 inde
2042 1627 2200 1649 exerceatur
2216 1620 2249 1649 ὃ(
2263 1620 2358 1649 conti-

1301 1664 1402 1686 nuetur
1417 1679 1427 1694 ,
1451 1656 1567 1688 facultas
1586 1657 1755 1687 conceditur
1776 1656 1874 1687 vestris
1894 1656 2074 1694 hominibus,
2089 1656 2121 1687 ea
2137 1659 2246 1688 ratione
2257 1678 2266 1693 ‚
2283 1656 2356 1694 apud

1302 1703 1355 1724 nos
1369 1695 1548 1733 negotiandi,
1569 1704 1634 1733 quae
1644 1695 1798 1732 explicatur
1808 1696 1837 1724 in
1852 1694 1976 1733 quadam
1990 1694 2183 1733 responsione,
2200 1704 2285 1732 quam
2296 1704 2356 1724 no-

1303 1731 1350 1762 stri
1366 1732 1561 1764 Commislarii
1581 1733 1678 1764 vestris
1700 1732 1872 1763 Oratoribus
1890 1733 2088 1764 exhibuerunt.
2128 1732 2197 1763 Nos
2210 1735 2279 1763 vero
2294 1742 2355 1762 non

1303 1771 1482 1809 dubitamus,
1502 1773 1570 1810 quin
1585 1772 1643 1801 hoc
1661 1781 1713 1802 vos
1728 1772 1756 1801 in
1772 1772 1878 1801 bonam
1893 1771 2117 1802 &amicabilem
2130 1777 2236 1809 partem
2252 1780 2356 1808 accep-

1301 1811 1355 1840 turi
1372 1809 1440 1846 litis,
1456 1810 1571 1847 perinde
1586 1818 1617 1840 ut
1633 1809 1648 1839 a
1667 1810 1749 1840 nobis
1760 1818 1873 1847 quoque
1896 1809 2056 1840 institutum
2072 1808 2137 1840 fuit.
2161 1809 2238 1841 Bene
2257 1810 2355 1841 valete.

1300 1848 1386 1886 Apud
1401 1848 1443 1882 D.
1457 1848 1623 1890 jacobum,
1640 1857 1690 1887 29.
1706 1847 1837 1886 Augusti.
1859 1848 1944 1887 1558.

1710 1963 1851 1994 Henricus
1865 1963 2020 1994 Suderman
2042 1963 2106 1994 LL.
2125 1963 2166 1993 D.

1706 2000 1780 2040 Joan
1799 2002 1878 2033 Efirk
1892 2002 1980 2033 Cons.
1999 2001 2161 2032 Bremensrs.

1708 2040 1791 2073 Hier.
1808 2040 1973 2073 Bissenberk
1985 2039 2077 2072 Cons.
2092 2038 2319 2080 Hamburgensis:

1531 1963 1669 1995 Oratores

1710 1924 1781 1955 Ant.
1803 1924 2023 1963 Ludenghansen
2037 1923 2125 1955 Cons.
2144 1923 2321 1956 Lubicenfis.

1529 1937 1695 2074 Hanzae‚{

269 4025 346 4055 mmo
363 4024 418 4054 tx.
433 4024 515 4055 Part.
527 4026 578 4060 11<
