2561 4263
760 215 1199 258 REGINAE

470 384 659 431 Illustrt'ffimo
676 389 760 420 Daci
777 387 913 430 Cliveigsi.

161 474 192 535 I
203 470 388 504 Llustrisfime
397 471 544 511 Princeps,
551 471 809 509 Consanguinee&
820 472 926 503 Amice
935 471 1115 503 Chariffime.
1125 472 1224 504 D.Ar-

211 511 313 542 noldus
324 511 340 540 Ξι
349 511 468 542 Lewere
480 535 489 548 ‚
497 511 587 541 fidelis
597 510 731 540 Minister
744 510 844 540 vestrae
855 510 1038 541 Excellentiae
1050 511 1166 542 Litteras
1174 522 1225 542 ve-

163 550 231 581 stras
247 549 346 580 Nonis
364 550 484 592 Augusti
499 549 591 579 Clivis
605 548 698 587 datas,
717 548 801 578 nobis
818 549 936 579 tradidit.
953 550 1055 580 Attulit
1068 551 1155 580 etiam
1170 560 1224 580 no·

163 590 206 619 bis
224 589 342 619 Litteras
359 588 375 618 a
392 587 591 618 Potentiffitno
606 587 738 623 Principe
750 610 759 625 ,
784 587 947 618 charissimo
969 587 1069 618 nostro
1086 588 1221 618 Domino

161 629 196 658 &
214 627 364 665 Conjuge:
386 625 420 656 In
436 627 536 663 quibus
557 625 679 660 studiose
698 627 731 657 &
757 635 864 664 magno
887 635 956 669 curn
970 626 1085 670 favore,
1100 626 1223 665 postula-

162 666 204 696 tio
219 665 326 696 Vestrae
341 664 522 695 Excellentie
539 666 622 695 nobis
637 665 843 695 commendata
856 664 1027 708 sancitaque
1041 674 1136 709 primo
1151 674 1224 702 quo-

186 713 220 734 ue
242 712 390 741 tempore,
409 703 576 734 mandatum
599 703 729 734 dedimus
747 703 830 733 certis
848 702 948 732 nostris
970 703 1142 733 Consiliariis
1158 725 1168 740 ,
1193 711 1225 734 ut

187 743 315 780 iligenter
338 742 509 779 inquirerent
524 764 532 779 ,
559 741 697 781 pleneque
720 741 925 784 cognoscerent
946 749 1043 784 totum
1058 742 1117 772 hoc
1132 750 1223 778 nego-

167 782 250 811 tium.
272 780 335 817 Qii
350 780 461 811 matura
477 781 574 812 habita
591 779 668 810 istius
689 782 780 810 caulae
802 786 1025 823 examinat-ione,
1044 782 1082 823 eo
1099 789 1160 810 rem
1175 779 1226 809 de-

166 818 326 856 duxerunt,
340 827 369 848 ut
384 829 442 849 non
460 819 555 849 solum
569 819 687 849 honoris
704 818 789 847 vestri
806 818 839 849 &
857 817 1011 854 Dignitatis
1025 827 1166 861 rationem
1177 818 1226 862 ha-

166 855 275 894 buiise,
294 856 339 887 sed
358 857 494 887 voluntati
513 866 597 895 atque
614 856 811 895 postulationi,
829 856 868 884 uti
891 856 1051 899 speramus,
1068 856 1226 900 satisfecisse

168 896 329 926 videantur.
348 894 381 925 ln
404 894 460 933 qua
477 895 620 926 tractanda
634 906 679 932 re,
698 893 731 924 ea
744 894 782 923 usi
797 893 860 923 sunt
876 892 1093 937 moderatione,
1113 904 1144 925 ut
1160 895 1227 925 inde

166 934 241 965 nulla
263 933 330 968 iusta
353 933 476 965 offensio
495 933 659 965 chariffimae
677 932 781 962 nostrae
796 930 1023 975 Consanguineze
1038 955 1049 977 ,
1074 936 1113 962 i).
1133 935 1229 963 Annae

170 972 299 1003 Clivensi
309 995 318 1010 ,
329 971 523 1002 Illustriffimae
534 972 632 1002 Sorori
646 970 754 1001 Vestrae
769 969 1044 1013 Eitcellentiaefflriri
1058 970 1153 1008 poffit.
1174 971 1195 1000 F
1198 981 1231 1001 u-

170 1011 274 1041 fiorem
297 1010 380 1048 hujus
410 1012 449 1040 rei
470 1010 691 1048 explicationem
713 1008 849 1039 Domino
878 1007 1011 1038 Arnoldo
1037 1009 1087 1039 De
1113 1009 1231 1040 Lewere

168 1049 368 1087 exponendam
393 1050 593 1086 permittimus.
616 1047 750 1078 Studium
774 1046 1001 1089 veronostram
1018 1070 1028 1089 ,
1050 1055 1233 1091 paratamque

170 1089 260 1118 animi
277 1087 517 1125 propensionem,
536 1095 622 1123 quam
637 1085 736 1117 sedulo
749 1084 944 1129 adhibuimus,
961 1085 997 1116 ad
1010 1086 1233 1132 satisfac1endum

172 1126 274 1157 vestrae
291 1125 480 1163 expediationi
503 1126 532 1155 in
549 1125 607 1154 hoc
630 1124 774 1162 negotio,
790 1125 818 1152 in
836 1123 889 1153 alia
901 1126 986 1153 etiam
1003 1133 1100 1162 quaVis
1114 1135 1161 1162 re,
1178 1135 1235 1163 qua

168 1165 337 1202 opportune
356 1162 507 1202 gratificari
525 1162 633 1193 Vestrae
657 1162 840 1192 Excellentiae
864 1161 1030 1206 possumus,
1052 1164 1172 1194 libenter
1186 1165 1237 1193 de-

168 1204 355 1240 clarabimus,
377 1201 410 1231 &
436 1201 560 1231 eundem
583 1202 713 1232 animum
733 1209 817 1238 atque
838 1201 1064 1232 benevolentiam
1085 1202 1212 1232 nostram
1226 1223 1236 1239 ,

168 1243 255 1272 etiam
277 1249 344 1278 erga
362 1233 576 1270 Illustriffimam
601 1239 641 1269 D.
664 1241 778 1269 Annam
806 1237 970 1283 Clivensem
987 1263 996 1278 ,
1013 1238 1141 1284 nostram
1155 1241 1236 1271 variis

172 1279 342 1310 nominibus
361 1277 551 1308 chariffimam
574 1277 822 1316 consanguineam
841 1300 850 1315 ‚
869 1287 928 1314 pari
946 1277 1039 1309 studio
1054 1288 1168 1317 parique
1182 1289 1237 1309 vo-

172 1319 298 1386 luntgte,
319 1316 422 1385 idongfi
439 1317 524 1347 nobis
536 1316 633 1348 oblata
646 1316 814 1354 occasione,
831 1315 1020 1348 ostendemus.
1041 1316 1238 1357 Croydoniae‚

171 1355 219 1386 18.
257 1365 302 1393 ep.
324 1364 378 1395 155
403 1377 410 1385 .

323 1480 504 1528 Magnficis
522 1483 663 1514 Dominis
674 1505 684 1521 ‚
705 1482 848 1513 Civitatis
866 1477 1002 1522 Lubicae‚
1027 1481 1091 1515 &C.

172 1564 378 1626 MAgnifici
396 1564 538 1602 Domini,
549 1564 649 1595 Amici
663 1562 837 1609 Clyriffimi.
857 1563 978 1595 Litteras
991 1564 1097 1596 vestras
1113 1566 1237 1597 Lubicae

269 1608 345 1634 datas
370 1612 416 1644 13.
434 1603 499 1634 Cal.
525 1603 601 1640 Aug.
629 1603 815 1670 acceffiimuss
844 1603 946 1641 quibus
968 1604 1133 1642 declaratis,
1159 1605 1240 1649 quod

173 1651 351 1680 quamquam
368 1651 421 1672 nos
438 1642 467 1670 in
485 1641 568 1671 initio
589 1640 679 1671 nostri
770 1650 801 1671 ni
821 1643 983 1673 curavimus
998 1665 1008 1681 ,
1027 1651 1056 1673 ut
1072 1653 1124 1674 vos
1141 1643 1240 1674 vestri-

172 1690 230 1718 que
249 1680 429 1711 Mercatores
444 1681 472 1710 in
487 1678 687 1718 posseffionem
703 1690 739 1709 ve
764 1679 982 1718 rorumJurium
992 1704 1002 1718 ,
1020 1680 1240 1720 Privilegiorum

170 1728 206 1749 ac
223 1718 404 1749 Libertatum
422 1719 451 1748 in
473 1718 532 1749 hoc
554 1717 661 1756 Regno
682 1717 784 1748 nostro
798 1718 916 1755 Angliae
935 1719 1027 1750 essetis
1041 1719 1180 1759 restituti,
1199 1730 1239 1751 ta-

172 1767 241 1787 men
264 1767 324 1787 non
346 1757 436 1797 longo
458 1756 609 1794 interjecto
632 1765 764 1794 ternpore
781 1778 791 1794 ‚
813 1757 901 1788 iidem
924 1757 1105 1789 Mercatores
1133 1759 1240 1798 vestri,

171 1804 311 1834 praetexm
343 1805 482 1826 novarum
511 1794 697 1833 quarumdam
726 1794 964 1827 constitutionum
980 1796 1071 1828 essent
1092 1798 1239 1836 impediti,

171 1836 330 1872 quominus
351 1833 413 1871 ipsis
433 1833 561 1865 restituti
588 1833 762 1870 poffeffione
787 1834 829 1864 uti
847 1843 881 1864 ac
903 1835 960 1865 frui
977 1835 1092 1873 liceret,
1110 1837 1142 1867 &
1158 1836 1237 1875 quod

172 1873 261 1904 vestri
284 1874 422 1904 Oratores
443 1882 532 1910 nuper
551 1871 624 1902 miffi
647 1872 677 1901 in
701 1871 836 1911 Angliam
855 1871 891 1902 ad
907 1874 1124 1910 providendum
1141 1885 1238 1906 reme—

172 1912 256 1943 dium
280 1911 395 1949 aliquod
421 1910 488 1942 huic
512 1911 576 1948 rei,
601 1919 774 1949 quamquam
791 1910 861 1940 nihil
874 1911 952 1949 quod
973 1922 1033 1942 nori
1046 1911 1154 1949 iustum
1171 1912 1238 1944 esset

172 1957 305 1989 peterent
319 1973 329 1988 ,
355 1948 425 1979 nihil
445 1957 540 1980 tamen
556 1950 708 1987 impetrare
725 1950 881 1986 potuerint.
911 1950 969 1980 Cui
983 1951 1021 1982 rei
1038 1952 1074 1981 ita
1087 1951 1237 1990 responde-

174 1999 258 2027 mus,
273 1987 352 2026 quod
376 1997 429 2017 rios
447 1988 484 2017 ab
507 1987 602 2017 initio‘
613 1986 710 2025 Regni
730 1986 819 2017 nostri
842 1987 951 2026 semper
964 1989 1069 2019 fuimus
1080 2012 1089 2027 ,
1105 1991 1138 2021 &
1153 1992 1238 2021 etiam

174 2037 253 2059 nunc
274 2027 367 2057 sumus
381 2048 391 2062 .,
414 2035 474 2056 nori
493 2027 588 2055 minus
610 2024 756 2063 propensae
781 2025 815 2056 ad
838 2027 1028 2058 conservanda
1050 2029 1132 2058 vobis
1148 2028 1237 2059 vestra

171 2064 347 2102 Privilegia,
365 2065 452 2102 quam
467 2064 554 2094 nostri
569 2064 768 2104 progenitores
782 2064 896 2095 fuerunt
912 2065 946 2095 ad
961 2066 1060 2096 eadem
1075 2067 1158 2098 vobis
1165 2078 1238 2098 con-

171 2105 310 2135 cedenda.
327 2102 418 2140 Cujus
436 2102 541 2133 nostrae
556 2101 723 2140 voluntatis,
742 2103 988 2143 quemadmodum
1005 2114 1056 2135 nos
1077 2106 1158 2136 initio
1175 2116 1238 2136 cer-

173 2143 317 2174 tiffimum
335 2151 539 2178 argumentum
554 2140 698 2178 dedimus,
715 2142 751 2171 ita
764 2141 841 2171 nulla
856 2141 935 2172 causa
949 2143 1032 2173 vobis
1047 2144 1114 2182 erit,
1135 2154 1185 2174 cur
1199 2145 1235 2175 de

173 2182 277 2212 eadem
302 2179 495 2210 continuanda
516 2178 687 2210 dubitaretis.
710 2178 745 2209 N
749 2179 812 2210 ullae
833 2181 913 2211 enim
934 2180 982 2211 hic
997 2192 1081 2212 novae
1095 2183 1238 2213 conditio-

176 2230 226 2251 nes
249 2219 333 2249 faetae
354 2218 433 2254 sunt,
450 2218 501 2248 nisi
521 2217 704 2257 hujusmodi,
726 2227 791 2256 quae
802 2218 962 2257 judicantur
978 2220 1057 2257 posse
1071 2221 1149 2251 recte
1166 2221 1237 2252 stare

174 2267 247 2289 cum
265 2257 361 2288 vestris
385 2257 554 2296 Privilegiis.
578 2256 614 2287 Et
634 2257 705 2287 cum
720 2257 754 2287 ad
776 2266 828 2287 vos
843 2257 966 2288 delatum
983 2259 1029 2296 lit,
1050 2258 1171 2299 Legatos
1188 2270 1238 2290 ve-

174 2297 247 2328 stros
262 2319 272 2334 ,
296 2294 375 2334 quod
392 2295 456 2333 jure
468 2295 643 2333 postularunt
659 2319 669 2333 ,
687 2296 837 2333 impetrare
850 2305 909 2325 non
922 2297 1057 2334 potuisse,
1075 2299 1111 2329 de
1126 2299 1178 2329 hac
1191 2299 1238 2328 in-

174 2335 350 2367 formatione
362 2343 422 2364 non
439 2334 501 2365 satis
513 2332 660 2371 possumus
675 2334 821 2364 admirari..
836 2333 983 2365 Memoria
998 2337 1076 2365 enim
1091 2345 1237 2375 tenemuS,

174 2373 256 2412 quod
272 2382 343 2403 cum
366 2371 456 2403 essent
475 2382 547 2403 ortae
565 2372 710 2403 nonnullae
735 2372 905 2410 quaestiones
918 2373 955 2403 de
976 2374 1058 2412 aequai
1073 2374 1238 2412 interpreta-

178 2414 258 2444 tione
278 2414 310 2442 &
326 2410 407 2449 justo
430 2410 479 2441 usu
499 2410 661 2442 vestrorum
678 2410 898 2449 Privilegiorum
916 2434 925 2449 ,
948 2413 980 2444 &
1001 2413 1078 2451 quod
1101 2414 1156 2444 illae
1171 2414 1238 2452 ipsae

177 2450 348 2488 quaestiones
372 2449 455 2486 plene
470 2473 480 2488 ‚
505 2458 567 2480 tum
590 2459 640 2487 pet
662 2457 756 2480 certos
780 2450 892 2480 nostros
913 2449 1111 2490 Consiliarios,
1127 2453 1239 2492 (quibus

178 2489 249 2520 illud
272 2487 471 2519 commisimus
491 2489 652 2528 negotium)
674 2489 708 2519 δε
729 2488 838 2518 vestros
853 2489 1005 2527 Oratores,
1022 2491 1157 2523 concludi
1177 2502 1238 2522 non

178 2535 358 2566 potuerunt,
376 2526 598 2557 consentaneum
611 2525 676 2557 effe
700 2526 851 2557 videbatur
866 2549 876 2565 ,
896 2536 927 2559 ut
947 2528 1002 2558 illae
1017 2531 1240 2569 controverfiae,

179 2567 215 2597 &
234 2567 296 2596 aliae
317 2566 405 2595 etiam
422 2574 526 2595 omnes
544 2588 554 2602 ,
580 2564 691 2603 plenius
715 2565 897 2596 tractarentur
919 2567 953 2597 &
968 2569 1153 2600 commodius
1167 2579 1240 2599 con-

180 2604 363 2635 cluderentur
383 2604 413 2633 in
435 2611 581 2633 conventu
601 2604 650 2640 qui
664 2603 813 2634 haberetur
828 2604 856 2634 in
870 2605 930 2636 -hoc
948 2604 1055 2642 Regno
1069 2607 1177 2637 nostro.
1203 2607 1242 2638 Et

180 2640 428 2682 quemadmodum
441 2652 493 2672 nos
508 2651 570 2672 tum
585 2641 798 2672 declarabamus
811 2651 941 2681 paratum
962 2643 1093 2674 nostrum
1115 2645 1242 2676 studium

184 2680 311 2713 habendi
332 2681 403 2710 illius
426 2689 587 2711 conventus
604 2702 612 2716 ,
634 2681 674 2712 ita
695 2689 773 2710 nunc
793 2682 879 2712 etiam
901 2682 1065 2715 constamus
1085 2683 1115 2712 in
1137 2685 1243 2715 eodem

183 2719 341 2760 proposito,
379 2719 474 2757 Atque
487 2718 508 2749 si
524 2720 554 2749 in
567 2719 677 2749 dicium
692 2719 769 2748 diem
781 2718 854 2750 illius
870 2720 1034 2751 conventus
1049 2721 1139 2752 causae
1154 2724 1187 2754 ὅ(
1202 2733 1245 2754 ra-

184 2761 277 2790 tiones
301 2757 455 2788 vestrarum
478 2757 718 2796 querimoniarum
745 2765 846 2795 paratae
871 2758 998 2796 fuerint,
1029 2759 1108 2792 idem
1145 2762 1246 2792 fadturi

183 2797 248 2828 sunt
267 2796 354 2826 nostri
373 2796 571 2834 Mercatores,
589 2797 626 2827 ita
645 2805 675 2827 ut
694 2796 892 2827 controversiis
909 2800 1044 2828 omnibus
1063 2800 1117 2830 rite
1136 2800 1199 2831 istic
1212 2801 1246 2830 ὅς

182 2837 278 2866 amice
301 2835 467 2873 compositis
491 2843 525 2864 ex
551 2844 639 2873 aequo
665 2836 699 2867 &
715 2835 795 2865 bono
809 2857 819 2873 ,
843 2845 923 2867 vetus
945 2836 1081 2868 Amicitia
1098 2838 1246 2869 inter·hoc

184 2873 316 2904 nostrum
343 2873 458 2911 Angliae
477 2873 613 2913 Regnum
631 2874 664 2904 &
688 2873 745 2904 illas
772 2872 909 2907 Civitates
924 2875 1148 2915 confoederatas,
1168 2876 1248 2908 firma

184 2920 376 2952 perpetuaque
394 2912 560 2942 continuare
578 2911 677 2950 possit:
698 2910 788 2950 Cuius
808 2914 845 2944 rei
862 2914 896 2945 ὅτ.
915 2923 968 2944 nos
985 2915 1077 2945 sumus
1095 2916 1177 2947 valde
1194 2925 1247 2946 cu-

186 2950 264 2988 pidae
280 2971 290 2987 ,
314 2949 352 2979 lic
378 2959 409 2980 ut
434 2950 510 2979 aliter
536 2950 582 2981 fiat
604 2949 708 2987 justam
728 2960 873 2991 nunquam
887 2951 993 2983 datutae
1011 2953 1104 2984 sumus
1121 2955 1247 2985 occasio-

189 2998 270 3019 nem.
289 2986 398 3018 Interea
413 2991 484 3018 vero
500 2989 637 3025 temporis
658 2989 820 3019 curabimus
841 2999 872 3022 ut
887 2990 972 3022 vestri
990 2991 1168 3023 Mercatores
1182 3003 1249 3031 pro-

189 3034 321 3065 tegantur
342 3027 371 3055 i'n
396 3025 442 3056 sua
456 3025 532 3063 justa
554 3026 724 3064 possessione
743 3050 754 3065 ,
773 3028 890 3064 perinde
910 3038 942 3061 ut
958 3030 999 3068 jus
1015 3030 1049 3062 &
1067 3031 1183 3070 aequitas
1198 3041 1251 3071 po-

190 3064 313 3096 stulabit.
332 3063 444 3096 Valere.
463 3063 671 3105 Croydoniae,
692 3066 737 3096 18.
755 3065 823 3105 Sep.
844 3067 930 3106 1556.

393 3189 439 3221 D.
464 3189 562 3221 Laur.
588 3189 713 3230 Priulo,
732 3191 813 3222 Daci
834 3191 1038 3227 Venetiamm.

192 3272 417 3335 ILlustriffime
433 3271 587 3311 Princeps,
607 3272 711 3305 Amice
727 3273 906 3307 Chariffime.
940 3276 1035 3314 Opera
1050 3277 1146 3311 dileffi
1163 3280 1252 3312 nostri

243 3312 277 3342 &
307 3310 395 3343 fidelis
421 3311 565 3343 familiaris
586 3311 627 3343 D.
653 3312 729 3343 Petri
757 3314 868 3345 Vannes
882 3337 893 3354 ,
917 3316 1005 3346 nostri
1025 3317 1099 3354 apud
1121 3318 1252 3350 Vestram

198 3349 404 3380 Excellentiam
425 3350 458 3380 &
474 3349 614 3389 Inclytam
634 3351 711 3381 illam
729 3351 951 3392 Rempublicam
967 3355 1025 3392 jam
1039 3356 1088 3386 diu
1103 3356 1252 3395 Oratoris,

193 3388 280 3419 nobis
299 3387 357 3417 hoc
377 3397 509 3426 tempore
529 3391 611 3419 dorni
634 3390 830 3426 perneceffiria
853 3393 914 3422 erit.
954 3392 1103 3431 Propterea
1116 3395 1196 3426 illum
1218 3397 1253 3429 ad

192 3436 249 3456 nos
266 3435 441 3456 revocamus.
459 3426 517 3458 Res
531 3429 625 3465 itaque
639 3429 722 3458 nobis
738 3438 817 3466 grata
831 3430 865 3460 &
882 3441 997 3468 accepta
1015 3433 1065 3463 erit
1083 3455 1091 3469 ‚
1110 3434 1128 3463 si
1145 3434 1253 3466 Vestrae

195 3463 379 3495 Excellentiae
392 3465 490 3494 favore
506 3473 587 3505 atque
598 3467 776 3499 Authoritate
792 3478 969 3500 commeatus
984 3471 1015 3500 in
1026 3471 1158 3511 Angliam
1174 3474 1252 3504 rede-

196 3503 266 3534 undi
283 3503 309 3532 ei
324 3502 509 3533 concedatur.
518 3503 615 3544 Deus,
630 3506 690 3538 &c.
710 3506 837 3539 12.0<5t.
857 3508 1022 3548 1556.apud
1039 3508 1081 3539 D.
1094 3511 1253 3551 Jacobum.

335 3581 1266 3597 -Ἣ

368 3631 412 3662 D.
438 3630 602 3661 Laurentio
624 3631 728 3664 Priulo
740 3654 750 3670 ‚
771 3635 854 3667 Daci
873 3637 1078 3670 Venetiarum.

194 3712 415 3776 ILlustriffime
431 3713 584 3751 Princeps,
600 3713 703 3746 Amice
719 3714 898 3750 Chariffime.
917 3721 1064 3758 Quoniam
1079 3722 1113 3752 ad
1128 3733 1181 3754 nos
1193 3725 1252 3756 hoc

245 3761 373 3791 tempore
386 3761 554 3782 revocamus
568 3751 609 3781 D.
628 3751 744 3783 Petrum
765 3755 878 3787 Vannes
900 3759 1030 3790 nostrum
1053 3760 1115 3792 istic
1127 3763 1187 3799 jam
1206 3764 1254 3795 diu

197 3790 371 3827 Oratorem,
389 3791 417 3819 in
433 3789 502 3820 illius
517 3790 614 3820 locum
629 3791 662 3821 &
687 3801 789 3822 munus
810 3794 965 3828 sufficimus
991 3798 1030 3829 D.
1052 3799 1096 3830 Fr.
1118 3799 1168 3831 De
1184 3801 1252 3832 Ver-

196 3837 244 3867 gas
264 3829 464 3859 Consiliarium
489 3827 642 3858 charissimi
660 3829 747 3859 nostri
769 3832 801 3861 &
825 3832 995 3867 Domini&
1010 3837 1164 3879 Conjugis‚
1183 3841 1253 3877 ejus-

198 3867 421 3903 queSerenitatis
435 3867 508 3905 apud
517 3866 649 3897 Vestram
666 3867 868 3900 Excellentiam
879 3873 911 3902 &
920 3873 1060 3906 illustrem
1078 3877 1151 3907 illam
1162 3877 1253 3907 Rem-

196 3905 340 3941 publicam
351 3905 515 3936 Oratorem.
537 3906 616 3943 Qui,
631 3907 670 3936 uti
687 3906 873 3945 confidimus,
890 3910 1011 3943 sedulam
1024 3914 1101 3946 dabit
1116 3926 1249 3954 operam,

197 3951 229 3972 ut
250 3943 347 3972 omnia
367 3953 474 3974 mutuae
495 3944 640 3974 Amicitiae
661 3944 759 3975 officia
775 3969 783 3982 ‚
809 3956 873 3984 quae
890 3948 979 3988 longo
989 3952 1047 3988 jam
1063 3961 1193 3991 tempore
1208 3956 1253 3984 iri-

194 3988 237 4011 ter
254 3980 365 4018 Angliae
374 3980 512 4019 Regnum
528 3982 708 4014 &Venetam
715 3984 940 4022 Rempublicam
955 3989 1167 4023 intercesserunt
1176 4003 1251 4030 ‚non

195 4027 299 4049 retenta
311 4017 422 4057 solum,
440 4020 487 4049 sed
504 4022 584 4051 aucta
601 4021 732 4062 deinceps
750 4024 877 4062 magisac
888 4027 974 4064 magis
992 4028 1047 4059 effe
1067 4040 1180 4068 queant.
1195 4030 1253 4061 Ita-

195 4067 251 4094 que
277 4065 408 4095 rogamus
423 4066 454 4087 ut
473 4059 501 4086 in
522 4060 563 4088 his
585 4060 667 4090 rebus
681 4084 689 4098 ,
716 4071 782 4099 quas
801 4062 900 4093 nostro
925 4064 1068 4104 nostrique
1088 4068 1181 4106 Regni
1199 4079 1250 4099 no-

194 4096 272 4127 mine
290 4104 359 4128 cum
378 4094 479 4127 Vestri).
495 4095 669 4132 Excellentia
682 4101 949 4134 communicaturus
962 4104 1010 4143 sit,
1028 4106 1052 4137 is
1069 4105 1151 4139 favor
1170 4115 1252 4147 atque

1283 199 1727 261 ANGLrAE.
2281 242 2327 283 13

1271 301 1339 332 fides
1365 302 1403 333 illi
1429 303 1593 334 adhibeatur
1609 328 1618 343 ,
1644 315 1709 344 quae
1725 305 1910 345 superioribus
1934 305 2048 345 Angliae
2072 306 2238 340 Oratoribus
2255 313 2330 349 apud

1273 339 1414 380 Inclytam
1429 342 1652 381 Rempublicam
1670 344 1810 376 Venetam
1824 346 1907 376 tribui
1921 346 2079 376 consuevit.
2097 346 2197 384 Quem
2208 348 2330 380 vestrum

1271 378 1400 409 favorem
1416 388 1499 418 atque
1516 382 1748 413 benevolentiam
1768 393 1820 413 nos
1834 407 1843 421 ,
1876 384 1926 415 ubi
1952 383 2044 414 iimihs
2061 385 2145 414 nobis
2163 389 2331 423 opportuni-

1271 426 1309 447 tas
1327 419 1389 448 data
1409 417 1508 457 fuerit⁷
1527 421 1585 457 pari
1602 420 1721 451 libenter
1740 423 1849 452 ratione
1866 422 2090 460 compensaturae
2108 423 2211 454 sumus.
2237 424 2333 464 Deus,

1271 456 1332 486 ὅτε.
1355 466 1399 486 12.
1417 456 1489 487 oet.
1507 458 1581 496 apud
1601 458 1643 489 D.
1658 458 1820 498 Jacobum,
1841 465 1924 500 1556.

1273 534 1669 550 Ἢ

1438 585 1483 617 D.
1508 587 1675 619 Laurentio
1697 586 1820 626 Priulo,
1841 589 1924 620 Duci
1947 589 2151 622 Wnetiarum.

1270 666 1301 727 I
1310 665 1495 699 Llustriffime
1509 668 1662 709 Princeps,
1672 671 1774 702 Amice
1784 671 1963 705 Chariffime.
1978 673 2163 714 Intelligimus
2178 674 2217 705 D.
2227 675 2273 706 Fr.
2283 674 2332 707 De

1276 743 1281 748 1
1321 705 1426 745 Vergas
1439 706 1595 738 Oratorem
1610 709 1672 739 istic
1689 710 1841 741 charissimi
1857 711 1948 742 nostri
1963 714 1996 744 &
2008 713 2133 744 Domini
2149 722 2233 753 atque
2249 713 2334 744 Con-

1269 745 1341 782 Jugis
1356 768 1365 781 ,
1390 745 1426 775 ab
1452 755 1489 775 eo
1518 756 1634 777 munere
1658 757 1743 786 atque
1761 749 1863 780 officio
1879 773 1889 788 ,
1907 752 1990 781 certis
2012 752 2176 789 quibusdam
2195 753 2231 783 de
2249 752 2335 783 causis

1272 791 1442 814 revocatum
1467 783 1533 814 effe.
1551 784 1588 815 Et
1607 788 1745 823 quoniam
1770 788 1791 817 is
1818 788 1914 820 nostra
1940 789 2086 828 nostrique
2105 791 2198 830 Regni
2217 791 2335 828 negotia

1272 820 1347 857 apud
1381 820 1515 852 Vestram
1547 822 1751 854 Excellentiam
1783 827 1816 856 &
1841 827 1981 865 inclytam
2006 829 2082 859 illam
2109 829 2337 868 Rempublicam

1273 861 1451 897 procuravit,
1469 861 1591 898 petimus
1608 872 1625 893 a
1644 862 1746 894 Vestra
1763 862 1939 896 Excellentia
1952 875 1981 896 ut
1999 867 2068 897 dum
2087 868 2107 897 is
2124 868 2338 906 abfuerit,Do-

1275 898 1357 928 mino
1371 898 1453 935 Joan.
1474 898 1523 930 De
1543 899 1631 938 Ayale
1647 923 1658 938 ,
1676 902 1733 939 'qui
1756 902 1862 932 eodem
1881 913 1998 935 munere
2016 906 2090 942 apud
2110 905 2172 936 Vos
2190 906 2338 938 functurus

1275 935 1316 965 est
1330 959 1340 974 ‚
1359 936 1479 967 eandem
1499 937 1585 968 fidem
1607 939 1786 979 eundemque
1808 940 1938 972 favorem
1967 944 1996 972 iri
2022 943 2122 974 nostris
2146 945 2226 975 rebus
2244 945 2339 975 osten-

1278 974 1364 1012 datis,
1383 985 1469 1013 quem
1491 975 1625 1006 Domino
1644 977 1676 1007 F.
1696 977 1745 1008 De
1765 979 1867 1019 Vergas
1880 980 2052 1011 exhibuistis.
2089 982 2262 1013 Remenim
2283 993 2339 1013 no-

1278 1012 1321 1042 bis
1344 1013 1403 1043 hoc
1421 1014 1513 1044 modo
1550 1024 1685 1055 ergratam
1706 1017 1813 1047 facietis
1828 1039 1837 1054 ‚
1862 1020 1908 1049 cui
1927 1029 1980 1049 nos
1994 1042 2003 1056 ,
2023 1021 2121 1051 mutus
2140 1020 2340 1052 benevolentis.

1278 1059 1347 1086 erga
1363 1051 1494 1082 Vestram
1538 1054 1722 1085 xcellentiam
1740 1055 1920 1096 vestramque
1938 1058 2077 1097 inclytam
2096 1059 2342 1098 Rempublicam,

1281 1097 1351 1118 cum
1375 1090 1428 1120 sese
1454 1090 1555 1122 offeret
1582 1092 1694 1123 occasio
1709 1116 1719 1131 ,
1745 1093 1864 1126 libenter
1888 1095 2130 1134 respondebimus.
2153 1097 2258 1137 Deus,
2277 1100 2340 1131 &c.

1318 1127 1389 1158 Orst.
1407 1129 1482 1167 apud
1499 1129 1540 1160 D.
1555 1130 1713 1171 Jacobum.
1740 1134 1824 1172 1556.

1283 1251 1342 1286 Ad
1353 1251 1583 1297 Potenttffimum
1601 1257 1768 1302 Principum
1782 1260 1824 1291 D.
1847 1256 2033 1305 Philippum,
2051 1263 2168 1307 'Regem
2192 1261 2343 1306 nostrum,

1651 1304 1834 1349 Sereniffima
1854 1309 1982 1354 Regina.

1342 1386 1525 1418 Otentiffime
1549 1387 1704 1428 Princeps,
1724 1390 1857 1422 Domine
1879 1391 1913 1422 &
1931 1391 2050 1431 Conjux
2062 1393 2243 1426 Chariffime.
2263 1396 2344 1429 Cum

1352 1434 1454 1464 magna
1466 1427 1508 1456 his
1524 1430 1716 1467 temporibus,
1726 1429 1824 1467 passim
1841 1431 1870 1460 in
1883 1430 1990 1467 Angli&
1999 1454 2008 1470 ,
2021 1433 2166 1472 praecipue
2182 1437 2252 1465 vero
2264 1434 2346 1467 Lon-

1284 1463 1361 1501 dini,
1381 1467 1420 1494 rei
1438 1465 1629 1496 frumentariae
1648 1469 1745 1498 caritas
1763 1469 1811 1505 sit,
1829 1478 1913 1506 atque
1931 1470 2045 1507 inopia,
2059 1466 2182 1508 Joannes
2195 1473 2345 1506 White&

1283 1501 1416 1532 Thomas
1441 1501 1522 1545 Palty
1540 1527 1550 1540 ,
1568 1504 1656 1535 Cives
1673 1506 1884 1544 Londinenses,
1909 1508 1992 1538 valde
2013 1508 2121 1539 solliciti
2144 1511 2177 1541 &
2199 1513 2347 1549 percupidi

1283 1539 1406 1570 existunt
1425 1542 1613 1578 experiendi,
1638 1553 1708 1572 num
1730 1544 1793 1573 haec
1821 1546 1932 1580 publica
1953 1545 2090 1577 frumenti
2118 1548 2267 1579 difficultas
2294 1552 2348 1581 suis

1286 1577 1407 1607 consiliis
1420 1586 1504 1615 atque
1516 1578 1660 1610 laboribus
1678 1590 1738 1610 non
1762 1582 1832 1612 nihil
1847 1582 1931 1613 levari
1946 1584 2038 1622 poffit.
2063 1585 2132 1615 Nos
2147 1587 2242 1625 itaque
2260 1588 2347 1619 facile

1285 1616 1496 1647 adducebamur
1516 1626 1546 1648 ut
1568 1618 1626 1648 hoc
1649 1618 1763 1649 illorum
1783 1622 1932 1650 communi
1952 1624 2154 1654 commoditati
2175 1626 2348 1658 deserviendi

1285 1654 1409 1685 studium
1430 1655 1533 1685 nostris
1553 1658 1639 1686 etiam
1662 1657 1774 1688 Litteris
1798 1659 1870 1695 apud
1888 1658 2018 1690 Vestram
2038 1660 2220 1699 Majestatem
2237 1666 2350 1701 juvare-

1286 1702 1361 1724 mus.
1382 1692 1512 1730 Cupiunt
1531 1695 1607 1724 enim
1623 1703 1655 1725 ut
1671 1706 1738 1726 cum
1755 1695 1866 1727 Vestrae
1888 1696 2043 1736 Majestatis
2059 1699 2177 1739 favore,
2199 1702 2293 1733 vestra
2307 1712 2350 1733 at-

1287 1742 1343 1769 que
1361 1732 1548 1771 authoritate,
1564 1733 1681 1764 facultas
1702 1736 1743 1765 eis
1761 1735 1954 1775 concedatur,
1972 1737 2030 1774 qua
2048 1739 2093 1768 vel
2112 1740 2151 1769 illi
2170 1740 2215 1770 vel
2235 1741 2351 1772 illorum

1288 1770 1491 1801 Procuratores
1508 1771 1614 1808 possint
1634 1773 1662 1802 in
1680 1773 1837 1804 Hollandia
1854 1782 1900 1804 aut
1919 1775 2129 1808 Amstelodami
2141 1801 2152 1816 ‚
2170 1788 2217 1810 aut
2232 1780 2261 1810 in
2278 1790 2350 1818 quo-

1286 1810 1328 1840 vis
1353 1809 1408 1839 alio
1434 1809 1514 1840 isthic
1534 1809 1650 1849 Portu,
1678 1813 1728 1842 ubi
1755 1822 1796 1843 res
1825 1811 2008 1844 frumentaria
2032 1816 2160 1853 parabilis
2178 1816 2210 1847 fit
2225 1840 2235 1855 ,
2261 1819 2349 1849 libere

1285 1849 1436 1885 providere
1459 1849 1493 1878 &
1519 1856 1585 1880 tuto
1612 1849 1695 1881 istinc
1721 1851 1750 1880 in
1776 1850 1911 1890 Angliam
1937 1853 2122 1891 transportare
2146 1864 2232 1886 1200.
2253 1856 2348 1887 Lastes

1283 1887 1416 1924 Siliginis.
1453 1886 1605 1924 Propterea
1622 1889 1801 1928 summopere
1819 1899 1871 1919 nos
1888 1892 2011 1927 petimus
2037 1900 2067 1922 ut
2094 1892 2194 1924 Vestra
2214 1893 2348 1933 Majestas

1289 1926 1402 1956 facilem
1421 1925 1449 1956 se
1466 1934 1551 1962 atque
1569 1927 1719 1965 benignam
1740 1931 1865 1966 praebeat
1881 1950 1890 1966 ,
1909 1929 1937 1958 in
1957 1930 2010 1960 hac
2028 1931 2212 1963 concedenda
2231 1933 2348 1964 faculta-

1286 1973 1322 1995 te.
1343 1964 1421 2002 Qae
1442 1974 1483 1993 res
1501 1965 1533 1995 &
1550 1973 1624 2004 grata
1642 1966 1744 2003 nobis,
1771 1968 1803 1997 &
1824 1975 1918 2004 optata
1939 1968 2040 1999 nostris
2056 1969 2199 2006 subjectis
2215 1993 2224 2008 ‚
2247 1972 2274 2001 in
2294 1972 2347 2003 hac

1286 2001 1423 2033 frumenti
1445 2003 1518 2041 apud
1545 2014 1596 2033 nos
1619 2005 1734 2034 caritate
1749 2027 1759 2043 ,
1786 2005 1879 2035 futura
1904 2005 1953 2036 est.
1980 2006 2058 2038 Deus
2075 2029 2084 2044 ,
2102 2009 2163 2039 &c.
2190 2009 2235 2039 Ex
2255 2010 2347 2048 Regia

1288 2039 1395 2072 Vestrae
1415 2040 1589 2080 Majestatis,
1609 2043 1683 2081 apud
1703 2042 1743 2074 D.
1758 2042 1921 2082 Jacobum,
1939 2045 2048 2076 oetavo
2067 2046 2224 2078 Novemb.
2246 2049 2333 2087 1556.

1323 2166 1368 2197 D.
1388 2161 1514 2196 Alberto
1532 2167 1666 2207 Seniori‚
1687 2165 1868 2258 Marcfflsioni
1883 2167 2170 2217 Brandenburgetfi,
2194 2173 2278 2207 Daci
2292 2177 2324 2206 in

1705 2217 1769 2248 Pru
1789 2226 1838 2253 m,
1865 2218 1928 2250 &c-

1285 2296 1480 2357 ILlustrisme
1498 2297 1654 2337 Princeps,
1673 2298 1845 2331 Chariffime
1871 2301 2016 2340 Consang.
2035 2302 2219 2336 Excellentiae
2237 2305 2347 2339 Vestrae

1336 2336 1452 2366 Litteras
1479 2345 1525 2376 13.
1546 2337 1686 2368 Odtobris
1711 2339 1788 2369 datas
1815 2340 1871 2369 una
1892 2350 1961 2371 cum
1980 2341 2027 2372 sex
2046 2341 2218 2374 Falconibus
2235 2348 2348 2384 accepi-

1286 2384 1357 2404 mus.
1374 2375 1431 2405 Pro
1448 2375 1489 2404 his
1507 2376 1642 2413 Litteris,
1660 2375 1744 2407 studii
1761 2377 1794 2408 &
1813 2377 1904 2409 officii
1924 2380 2011 2416 plenis
2028 2402 2038 2417 ,
2063 2391 2172 2419 proque
2191 2383 2246 2413 isto
2264 2386 2348 2415 nobis

1286 2421 1347 2443 tam
1365 2423 1446 2453 grato
1466 2422 1642 2452 acceptoque
1661 2424 1798 2455 munere,
1816 2418 1930 2455 gratias,
1950 2419 1990 2449 uti
2008 2428 2055 2458 par
2075 2419 2116 2450 est
2133 2443 2142 2458 ,
2161 2431 2277 2459 magnas
2296 2432 2348 2454 nos

1286 2452 1405 2482 libenter
1420 2452 1527 2492 agimus
1550 2452 1659 2482 Vestrae
1676 2452 1869 2485 Excellentiae.
1887 2455 1985 2494 Itaque
2002 2457 2135 2488 volumus
2150 2482 2159 2497 ‚
2180 2469 2210 2490 ut
2228 2460 2275 2491 hae
2293 2472 2347 2492 no-

1287 2490 1350 2520 strae
1373 2491 1489 2521 Litterae
1503 2491 1556 2521 fint
1575 2501 1634 2521 non
1648 2491 1740 2522 solum
1761 2501 1894 2531 tanquam
1921 2504 2062 2526 memores
2081 2505 2164 2527 tantae
2181 2498 2281 2530 vestrae
2299 2502 2349 2531 be-

1288 2529 1459 2559 nevolentiae
1475 2551 1485 2568 ,
1509 2529 1609 2560 verum
1629 2531 1716 2560 etiam
1736 2532 1775 2561 uti
1794 2532 1877 2562 testes
1893 2533 1999 2563 nostrae
2018 2534 2142 2565 vicissim
2164 2545 2272 2568 mutuae
2294 2549 2349 2570 vo-

1287 2567 1398 2597 luntatis
1416 2577 1500 2605 atque
1519 2567 1618 2606 studii,
1637 2568 1869 2608 quandocunque
1889 2573 1974 2601 nobis
1993 2572 2108 2603 occasio
2127 2575 2240 2606 dabitur
2257 2599 2266 2615 ,
2291 2577 2348 2617 qua

1287 2606 1346 2644 pari
1365 2607 1475 2636 ratione
1495 2605 1601 2635 Vestrae
1625 2605 1811 2638 Excellentiae
1828 2608 1976 2647 gratificari
1990 2612 2150 2649 poterimus.
2170 2612 2269 2653 Deus,
2288 2617 2350 2648 &c.

1288 2643 1363 2682 apud
1384 2644 1424 2674 D.
1437 2643 1582 2683 Jacobum
1595 2666 1604 2682 ,
1620 2653 1670 2675 20.
1690 2644 1768 2676 Dec.
1791 2646 1877 2686 1556.

1462 2770 1507 2803 D.
1530 2771 1696 2804 Laurentio
1719 2771 1839 2810 Priulo,
1867 2772 1951 2806 Duci
1973 2774 2178 2810 Venetiarum.

1294 2853 1514 2917 Ilslustrisfime
1529 2855 1683 2897 Princeps,
1701 2856 1805 2889 Amice
1820 2857 2001 2890 Chariffime.
2015 2859 2140 2897 joannes
2155 2861 2262 2901 Fineti‚
2274 2861 2355 2895 Civis

1345 2893 1468 2924 Venetus
1476 2894 1638 2931 ,decennali
1650 2896 1735 2926 exilio
1744 2897 1894 2928 muletatus
1903 2897 1943 2928 est
1950 2921 1959 2935 ‚
1969 2899 2006 2928 ab
2017 2898 2114 2929 illustri
2124 2899 2170 2930 ills.
2180 2901 2354 2940 Repubhcfi,

1295 2933 1361 2969 quia
1377 2941 1446 2962 cum
1462 2933 1615 2971 postulatus
1628 2934 1696 2964 esset
1714 2935 1895 2973 injuriarum,
1913 2935 1948 2966 ad
1967 2944 2078 2967 certum
2093 2938 2187 2974 judicii
2201 2940 2276 2969 diem
2293 2950 2355 2971 non

1296 2971 1462 3008 apparuerit.
1482 2971 1564 3001 Dum
1580 2971 1628 3002 ille
1644 2972 1756 3010 exulat,
1776 2981 1852 3012 pater
1870 2974 1929 3011 ejus
1949 2975 2086 3013 moritur,
2105 2977 2183 3014 cujus
2201 2978 2295 3008 tutelae
2319 2980 2354 3009 &

1297 3018 1374 3040 curae
1392 3009 1478 3040 Uxor
1495 3009 1571 3040 istius
1585 3009 1705 3048 Joannis
1723 3012 1756 3042 ὃ(
1776 3013 1901 3049 quinque
1919 3011 1969 3043 filii
1983 3014 2091 3050 parvuli
2111 3016 2282 3054 reliquaeque
2299 3017 2357 3054 ejus

1297 3048 1418 3077 fortunae
1439 3057 1541 3078 omnes
1565 3050 1826 3080 committebantur.
1853 3050 1950 3088 Itaque
1975 3061 2043 3081 curn
2070 3054 2188 3090 graviter
2206 3054 2256 3084 hic
2271 3064 2358 3085 corn-

1299 3094 1395 3115 motus
1410 3085 1459 3124 sit,
1477 3086 1547 3116 etim
1557 3085 1658 3117 Patriae
1672 3086 1894 3126 desideri0,tiim
1907 3089 2013 3119 Uxoris
2030 3090 2140 3128 inopia,
2159 3100 2221 3122 tum
2231 3093 2356 3123 Libero-

1298 3133 1364 3153 rum
1379 3124 1466 3154 etiam
1481 3123 1646 3163 solitudine,
1662 3126 1823 3163 suppliciter
1841 3128 1856 3156 a
1873 3128 1956 3157 nobis
1969 3127 2143 3166 postulatum
2161 3130 2215 3161 fuit
2233 3141 2262 3162 ut
2277 3133 2354 3164 hanc

1301 3162 1430 3192 miseram
1449 3163 1506 3198 ejus
1525 3163 1702 3193 solitudinem
1730 3164 1831 3194 nostris
1853 3165 1948 3196 litteris
1966 3167 2039 3203 apud
2059 3166 2187 3198 Vestram
2207 3169 2356 3201 Excellen-

1301 3201 1370 3231 tiam
1387 3201 1421 3231 &
1439 3199 1580 3232 Illustrern
1600 3202 1680 3232 illurn
1697 3202 1832 3233 Senatum
1853 3205 2020 3240 juvaremus.
2046 3203 2199 3243 Propterea
2217 3208 2235 3238 fi
2254 3209 2355 3240 nostro

1298 3248 1417 3278 rogatu,
1435 3249 1498 3269 eam
1516 3241 1632 3279 gratiam
1655 3240 1761 3279 joanni
1787 3241 1880 3272 Fineti
1898 3242 2002 3273 faciatis
2015 3265 2025 3281 ‚
2043 3252 2073 3274 ut
2091 3252 2200 3274 tantum
2220 3250 2357 3286 temporis

1299 3278 1324 3307 ei
1352 3276 1480 3308 Venetiis
1506 3278 1595 3309 libere
1613 3280 1813 3310 commorandi
1831 3281 1993 3311 concedatis
2005 3303 2015 3318 ,
2040 3291 2176 3320 quantum
2195 3284 2256 3315 satis
2273 3287 2355 3317 vobis

1298 3315 1354 3346 esse
1382 3316 1509 3347 videatur
1533 3317 1567 3347 ad
1595 3316 1798 3348 consulendum
1818 3318 1870 3349 suis
1888 3320 1920 3350 &
1940 3329 1981 3349 res
1997 3320 2052 3350 suas
2071 3321 2148 3351 recte
2167 3322 2230 3353 istic
2247 3324 2355 3355 consti-

1299 3354 1435 3385 tuendum
1448 3377 1457 3392 ,
1472 3355 1595 3385 solamen
1612 3355 1713 3385 misero
1731 3356 1843 3386 homini
1863 3357 1896 3388 &
1914 3359 1995 3388 nobis
2011 3368 2070 3388 rem
2088 3367 2197 3397 gratam
2215 3361 2356 3401 efficietis,

1298 3402 1383 3430 quarn
1395 3415 1403 3429 ‚
1427 3403 1496 3424 cum
1517 3393 1610 3424 similis
1628 3394 1741 3425 occasio
1759 3395 1880 3433 postulet
1895 3419 1905 3433 ,
1931 3397 1988 3434 pari
2006 3397 2158 3428 voluntatis
2174 3401 2286 3431 ratione
2303 3412 2356 3431 vo-

1300 3432 1343 3461 bis
1371 3432 1491 3462 libenter
1516 3441 1696 3470 reponemuS.
1723 3432 1804 3464 Deus
1818 3456 1827 3472 ,
1849 3435 1913 3465 &c-
1930 3434 2104 3474 Greenvici,
2129 3437 2177 3468 28.
2196 3438 2273 3469 Dec.
2294 3440 2351 3470 An.

1298 3468 1424 3500 Domini
1446 3471 1531 3509 1556.

1346 3604 1539 3649 Illustriffi'mo
1556 3607 1704 3651 Principi,
1717 3607 1844 3638 Domino
1864 3604 1993 3654 Philippo
2015 3610 2097 3642 Daci
2115 3614 2300 3646 Pomeram'ae.

1299 3688 1487 3750 PHilippus
1505 3691 1538 3721 &
1556 3690 1666 3727 Maria,
1685 3690 1746 3721 &c.
1768 3689 1811 3720 D.
1828 3690 1960 3731 Philippo
1979 3692 2175 3733 Pomeraniae‚
2199 3696 2347 3735 Stetiniae‚

1365 3730 1425 3760 &c.
1442 3729 1662 3766 Consanguineo
1676 3728 1775 3758 nostro
1789 3727 1981 3770 Charisiimo,
1995 3732 2126 3763 Salutem.
2145 3733 2235 3771 Quod
2251 3735 2348 3766 vestris

1297 3768 1331 3799 δε
1349 3768 1462 3797 aliarum
1482 3766 1625 3797 Gentium
1645 3766 1856 3798 Mercatoribus
1878 3769 1905 3798 in
1931 3770 1989 3801 hoc
2008 3780 2096 3809 regno
2115 3775 2215 3804 nostro
2233 3774 2346 3813 Angliae

1298 3806 1454 3836 concedere
1470 3806 1607 3842 solemus,
1625 3813 1655 3835 ut
1672 3815 1712 3834 res
1727 3805 1760 3835 ad
1779 3815 1968 3839 communem
1986 3810 2052 3839 vitae
2068 3809 2146 3839 usum
2163 3812 2344 3842 omnimodas

1297 3844 1313 3873 a
1332 3843 1431 3874 nostris
1448 3853 1561 3880 emant,
1579 3843 1609 3873 id
1633 3843 1649 3872 a
1673 3845 1755 3873 vobis
1781 3853 1910 3883 tempore
1936 3847 2088 3877 necessario
2107 3848 2295 3887 postulamus,
2313 3858 2344 3881 ut

1296 3881 1409 3912 nostros
1426 3882 1559 3912 Subditos
1586 3882 1626 3912 rei
1651 3882 1841 3913 frumentariae
1869 3884 1965 3921 inopii
1985 3885 2138 3916 laborantes
2154 3910 2163 3924 ,
2182 3888 2275 3924 quoad
2293 3898 2343 3925 per

1296 3930 1348 3950 vos
1366 3920 1423 3950 fieri
1442 3919 1551 3957 potest,
1568 3921 1676 3957 juvetis.
1711 3921 1810 3959 Quam
1836 3923 1876 3952 ob
1901 3924 2009 3952 causam
2035 3923 2165 3954 Thomae
2182 3925 2347 3957 Greshamo

1297 3957 1455 3988 Mercatori
1466 3981 1475 3996 ,
1489 3960 1522 3990 &
1538 3959 1720 3997 negotiorum
1739 3959 1866 3991 nostrum
1881 3961 1997 3998 Actori,
2013 3962 2041 3990 in
2058 3963 2191 3993 mandatis
2209 3964 2349 4003 dedimus,

1296 4005 1327 4026 ut
1343 3996 1475 4027 frumenti
1492 3997 1642 4027 coemendi
1664 3998 1750 4036 gratia
1766 3999 1795 4028 in
1814 3998 1913 4029 vestrae
1931 3999 2046 4029 ditionis
2065 4002 2146 4031 urbes
2160 4023 2168 4035 ‚
2193 4002 2256 4031 suos
2275 4002 2349 4032 Pro-

1296 4043 1435 4064 curatores
1465 4037 1568 4065 mittat.
1602 4035 1727 4067 Petimus
1744 4046 1839 4067 autem
1858 4047 1910 4074 pro
1929 4047 1965 4066 eo
1984 4047 2042 4075 quo
2061 4047 2124 4075 erga
2142 4037 2270 4069 Vestram
2290 4040 2348 4071 Ex-

1295 4073 1455 4103 cellentiam
1480 4072 1574 4104 affecti
1598 4074 1691 4104 sumus
1715 4084 1812 4105 amore
1829 4097 1838 4112 ,
1860 4077 1893 4106 &
1912 4084 1966 4113 pro
1982 4076 2103 4106 amicitia
2125 4086 2210 4114 quam
2229 4079 2244 4106 ἂ
2266 4080 2350 4110 vobis

1300 4118 1429 4142 mutuam
1444 4110 1602 4151 speramuS,
1617 4121 1647 4145 ut
1664 4111 1838 4145 Mercatoris
1850 4112 2046 4152 nostri,quern
2059 4114 2120 4151 jam
2133 4115 2270 4155 dirimi-25,
2280 4116 2356 4148 Pro-

1780 4150 1802 4182 B
1826 4160 1840 4190 3
2272 4165 2353 4188 cura-
