<?xml version="1.0" encoding="UTF-8"?>
<!DOCTYPE html PUBLIC "-//W3C//DTD XHTML 1.0 Transitional//EN"
    "http://www.w3.org/TR/xhtml1/DTD/xhtml1-transitional.dtd">
<html xmlns="http://www.w3.org/1999/xhtml" xml:lang="en" lang="en">
 <head>
  <title>
</title>
<meta http-equiv="Content-Type" content="text/html;charset=utf-8" />
  <meta name='ocr-system' content='tesseract 3.04.00' />
  <meta name='ocr-capabilities' content='ocr_page ocr_carea ocr_par ocr_line ocrx_word'/>
</head>
<body>
  <div class='ocr_page' id='page_1' title='image "./fderaconventione09ryme/fderaconventione09ryme_0319.png"; bbox 0 0 2561 4263; ppageno 0'>
   <div class='ocr_carea' id='block_1_1' title="bbox 821 165 1293 215">
    <p class='ocr_par' dir='ltr' id='par_1_1' title="bbox 821 165 1293 215">
     <span class='ocr_line' id='line_1_1' title="bbox 821 165 1293 215; baseline 0.013 -6"><span class='ocrx_word' id='word_1_1' title='bbox 821 165 933 209; x_wconf 82' lang='lat' dir='ltr'>ET</span> <span class='ocrx_word' id='word_1_2' title='bbox 1020 173 1293 215; x_wconf 91' lang='lat' dir='ltr'>ACTA</span> 
     </span>
    </p>
   </div>
   <div class='ocr_carea' id='block_1_2' title="bbox 124 247 1332 296">
    <p class='ocr_par' dir='ltr' id='par_1_2' title="bbox 124 247 1332 296">
     <span class='ocr_line' id='line_1_2' title="bbox 124 247 1332 296; baseline 0.005 -14"><span class='ocrx_word' id='word_1_3' title='bbox 124 247 203 279; x_wconf 66' lang='lat' dir='ltr'>Nm·</span> <span class='ocrx_word' id='word_1_4' title='bbox 218 248 388 284; x_wconf 80' lang='lat' dir='ltr'>D-strorum</span> <span class='ocrx_word' id='word_1_5' title='bbox 405 253 524 284; x_wconf 83' lang='lat' dir='ltr'>nornine</span> <span class='ocrx_word' id='word_1_6' title='bbox 536 274 546 289; x_wconf 89' lang='lat'>,</span> <span class='ocrx_word' id='word_1_7' title='bbox 561 253 713 283; x_wconf 86' lang='lat' dir='ltr'>communi</span> <span class='ocrx_word' id='word_1_8' title='bbox 727 254 863 293; x_wconf 84' lang='lat' dir='ltr'>consilio,</span> <span class='ocrx_word' id='word_1_9' title='bbox 883 254 1124 296; x_wconf 80' lang='lat' dir='ltr'>Conventiones,</span> <span class='ocrx_word' id='word_1_10' title='bbox 1142 258 1332 296; x_wconf 83' lang='lat' dir='ltr'>Capitulatio-</span> 
     </span>
    </p>
   </div>
   <div class='ocr_carea' id='block_1_3' title="bbox 124 288 231 361">
    <p class='ocr_par' dir='ltr' id='par_1_3' title="bbox 124 288 231 361">
     <span class='ocr_line' id='line_1_3' title="bbox 144 288 231 326; baseline -0.011 -9"><span class='ocrx_word' id='word_1_11' title='bbox 144 288 231 326; x_wconf 84' lang='lat'>1639.</span> 
     </span>
     <span class='ocr_line' id='line_1_4' title="bbox 124 330 231 361; baseline 0.009 -8"><span class='ocrx_word' id='word_1_12' title='bbox 124 330 176 353; x_wconf 81' lang='lat' dir='ltr'>An.</span> <span class='ocrx_word' id='word_1_13' title='bbox 191 335 231 361; x_wconf 79' lang='lat'>15.</span> 
     </span>
    </p>
   </div>
   <div class='ocr_carea' id='block_1_4' title="bbox 117 368 215 393">
    <p class='ocr_par' dir='ltr' id='par_1_4' title="bbox 117 368 215 393">
     <span class='ocr_line' id='line_1_5' title="bbox 117 368 215 393; baseline 0.02 -2"><span class='ocrx_word' id='word_1_14' title='bbox 117 368 180 392; x_wconf 79' lang='lat' dir='ltr'>Car.</span> <span class='ocrx_word' id='word_1_15' title='bbox 191 374 215 393; x_wconf 82' lang='grc' dir='ltr'>Ι.</span> 
     </span>
    </p>
   </div>
   <div class='ocr_carea' id='block_1_5' title="bbox 118 728 216 804">
    <p class='ocr_par' dir='ltr' id='par_1_5' title="bbox 118 728 216 804">
     <span class='ocr_line' id='line_1_6' title="bbox 118 728 216 758; baseline 0.031 -3"><span class='ocrx_word' id='word_1_16' title='bbox 118 728 216 758; x_wconf 57' lang='lat' dir='ltr'>*XX.</span> 
     </span>
     <span class='ocr_line' id='line_1_7' title="bbox 120 777 184 804; baseline 0 -1"><span class='ocrx_word' id='word_1_17' title='bbox 120 777 184 804; x_wconf 83' lang='lat'>337·</span> 
     </span>
    </p>
   </div>
   <div class='ocr_carea' id='block_1_6' title="bbox 111 3610 228 3688">
    <p class='ocr_par' dir='ltr' id='par_1_6' title="bbox 111 3610 228 3688">
     <span class='ocr_line' id='line_1_8' title="bbox 111 3610 228 3643; baseline 0.026 -4"><span class='ocrx_word' id='word_1_18' title='bbox 111 3610 133 3631; x_wconf 62' lang='lat'><strong><em>⁴</em></strong></span> <span class='ocrx_word' id='word_1_19' title='bbox 158 3612 228 3643; x_wconf 79' lang='lat' dir='ltr'>xx,</span> 
     </span>
     <span class='ocr_line' id='line_1_9' title="bbox 115 3650 179 3688; baseline -0.016 0"><span class='ocrx_word' id='word_1_20' title='bbox 115 3650 179 3688; x_wconf 80' lang='lat'>338-</span> 
     </span>
    </p>
   </div>
   <div class='ocr_carea' id='block_1_7' title="bbox 249 291 1330 4150">
    <p class='ocr_par' dir='ltr' id='par_1_7' title="bbox 263 291 1330 444">
     <span class='ocr_line' id='line_1_10' title="bbox 269 291 1330 333; baseline 0.006 -12"><span class='ocrx_word' id='word_1_21' title='bbox 269 301 317 323; x_wconf 86' lang='lat' dir='ltr'>nes</span> <span class='ocrx_word' id='word_1_22' title='bbox 332 293 366 323; x_wconf 92' lang='lat'>&amp;</span> <span class='ocrx_word' id='word_1_23' title='bbox 381 291 527 322; x_wconf 87' lang='lat' dir='ltr'>Articulos</span> <span class='ocrx_word' id='word_1_24' title='bbox 548 293 655 329; x_wconf 85' lang='lat' dir='ltr'>antiqui</span> <span class='ocrx_word' id='word_1_25' title='bbox 681 292 793 322; x_wconf 77' lang='lat' dir='ltr'>Federia</span> <span class='ocrx_word' id='word_1_26' title='bbox 812 295 980 324; x_wconf 78' lang='lat' dir='ltr'>renovando</span> <span class='ocrx_word' id='word_1_27' title='bbox 999 296 1031 325; x_wconf 73' lang='grc' dir='ltr'>δε</span> <span class='ocrx_word' id='word_1_28' title='bbox 1055 296 1239 333; x_wconf 67' lang='lat' dir='ltr'>stabrliendo,</span> <span class='ocrx_word' id='word_1_29' title='bbox 1259 306 1330 327; x_wconf 89' lang='lat' dir='ltr'>con-</span> 
     </span>
     <span class='ocr_line' id='line_1_11' title="bbox 266 329 1330 372; baseline 0.004 -11"><span class='ocrx_word' id='word_1_30' title='bbox 266 331 418 365; x_wconf 77' lang='lat' dir='ltr'>traximus,</span> <span class='ocrx_word' id='word_1_31' title='bbox 438 329 681 360; x_wconf 74' lang='lat' dir='ltr'>concordavimus</span> <span class='ocrx_word' id='word_1_32' title='bbox 703 331 735 361; x_wconf 87' lang='lat'>&amp;</span> <span class='ocrx_word' id='word_1_33' title='bbox 753 335 945 362; x_wconf 77' lang='lat' dir='ltr'>convenimus</span> <span class='ocrx_word' id='word_1_34' title='bbox 966 333 1122 363; x_wconf 83' lang='lat' dir='ltr'>secundum</span> <span class='ocrx_word' id='word_1_35' title='bbox 1140 335 1217 372; x_wconf 82' lang='lat' dir='ltr'>leges</span> <span class='ocrx_word' id='word_1_36' title='bbox 1238 336 1330 365; x_wconf 80' lang='lat' dir='ltr'>subse-</span> 
     </span>
     <span class='ocr_line' id='line_1_12' title="bbox 263 366 1329 412; baseline 0.005 -13"><span class='ocrx_word' id='word_1_37' title='bbox 263 375 384 406; x_wconf 83' lang='lat' dir='ltr'>quentes</span> <span class='ocrx_word' id='word_1_38' title='bbox 397 367 468 398; x_wconf 63' lang='lat' dir='ltr'>dieti</span> <span class='ocrx_word' id='word_1_39' title='bbox 483 366 594 410; x_wconf 60' lang='lat' dir='ltr'>[federis</span> <span class='ocrx_word' id='word_1_40' title='bbox 609 372 695 398; x_wconf 76' lang='lat' dir='ltr'><em>Anno</em></span> <span class='ocrx_word' id='word_1_41' title='bbox 717 369 789 400; x_wconf 84' lang='lat'>1621</span> <span class='ocrx_word' id='word_1_42' title='bbox 800 392 809 407; x_wconf 96' lang='lat'>,</span> <span class='ocrx_word' id='word_1_43' title='bbox 829 380 878 407; x_wconf 88' lang='lat' dir='ltr'>per</span> <span class='ocrx_word' id='word_1_44' title='bbox 893 371 1046 410; x_wconf 77' lang='lat' dir='ltr'>proceres,</span> <span class='ocrx_word' id='word_1_45' title='bbox 1067 372 1272 412; x_wconf 73' lang='lat' dir='ltr'>Magnatesque</span> <span class='ocrx_word' id='word_1_46' title='bbox 1296 385 1329 404; x_wconf 81' lang='lat' dir='ltr'>u·</span> 
     </span>
     <span class='ocr_line' id='line_1_13' title="bbox 264 405 1027 444; baseline 0.004 -7"><span class='ocrx_word' id='word_1_47' title='bbox 264 407 389 444; x_wconf 87' lang='lat' dir='ltr'>triusque</span> <span class='ocrx_word' id='word_1_48' title='bbox 402 405 497 443; x_wconf 82' lang='lat' dir='ltr'>Regni</span> <span class='ocrx_word' id='word_1_49' title='bbox 510 406 589 444; x_wconf 88' lang='lat' dir='ltr'>initi,</span> <span class='ocrx_word' id='word_1_50' title='bbox 606 408 639 438; x_wconf 89' lang='lat'>&amp;</span> <span class='ocrx_word' id='word_1_51' title='bbox 654 408 704 438; x_wconf 91' lang='lat' dir='ltr'>hic</span> <span class='ocrx_word' id='word_1_52' title='bbox 721 409 814 438; x_wconf 86' lang='lat' dir='ltr'>verbo</span> <span class='ocrx_word' id='word_1_53' title='bbox 831 417 911 438; x_wconf 89' lang='lat' dir='ltr'>tenus</span> <span class='ocrx_word' id='word_1_54' title='bbox 925 409 1027 441; x_wconf 86' lang='lat' dir='ltr'>inserti.</span> 
     </span>
    </p>

    <p class='ocr_par' dir='ltr' id='par_1_8' title="bbox 261 444 1328 1014">
     <span class='ocr_line' id='line_1_14' title="bbox 306 444 1327 487; baseline 0.006 -13"><span class='ocrx_word' id='word_1_55' title='bbox 306 454 332 474; x_wconf 92' lang='lat'>1.</span> <span class='ocrx_word' id='word_1_56' title='bbox 348 447 483 482; x_wconf 83' lang='lat' dir='ltr'><em>Imprimis</em></span> <span class='ocrx_word' id='word_1_57' title='bbox 493 465 502 481; x_wconf 89' lang='lat'>,</span> <span class='ocrx_word' id='word_1_58' title='bbox 521 444 713 476; x_wconf 87' lang='lat' dir='ltr'>Conventum</span> <span class='ocrx_word' id='word_1_59' title='bbox 724 469 733 484; x_wconf 84' lang='lat'>,</span> <span class='ocrx_word' id='word_1_60' title='bbox 742 448 953 477; x_wconf 79' lang='lat' dir='ltr'>concordatum</span> <span class='ocrx_word' id='word_1_61' title='bbox 964 449 996 477; x_wconf 71' lang='grc' dir='ltr'>ὅ(</span> <span class='ocrx_word' id='word_1_62' title='bbox 1006 448 1174 479; x_wconf 89' lang='lat' dir='ltr'>conclusum</span> <span class='ocrx_word' id='word_1_63' title='bbox 1184 449 1225 480; x_wconf 83' lang='lat' dir='ltr'>est</span> <span class='ocrx_word' id='word_1_64' title='bbox 1235 473 1242 486; x_wconf 91' lang='lat'>‚</span> <span class='ocrx_word' id='word_1_65' title='bbox 1250 450 1327 487; x_wconf 87' lang='lat' dir='ltr'>quod</span> 
     </span>
     <span class='ocr_line' id='line_1_15' title="bbox 264 482 1327 526; baseline 0.007 -14"><span class='ocrx_word' id='word_1_66' title='bbox 264 483 337 513; x_wconf 89' lang='lat' dir='ltr'>inter</span> <span class='ocrx_word' id='word_1_67' title='bbox 352 482 487 521; x_wconf 87' lang='lat' dir='ltr'>utrosque</span> <span class='ocrx_word' id='word_1_68' title='bbox 500 482 594 522; x_wconf 81' lang='lat' dir='ltr'>Reges</span> <span class='ocrx_word' id='word_1_69' title='bbox 607 484 747 522; x_wconf 84' lang='lat' dir='ltr'>prefatos,</span> <span class='ocrx_word' id='word_1_70' title='bbox 763 495 920 524; x_wconf 86' lang='lat' dir='ltr'>eorumque</span> <span class='ocrx_word' id='word_1_71' title='bbox 934 486 1063 518; x_wconf 76' lang='lat' dir='ltr'>Heredes</span> <span class='ocrx_word' id='word_1_72' title='bbox 1078 488 1111 518; x_wconf 67' lang='grc' dir='ltr'>ὃς</span> <span class='ocrx_word' id='word_1_73' title='bbox 1129 488 1327 526; x_wconf 82' lang='lat' dir='ltr'>Succelsores,</span> 
     </span>
     <span class='ocr_line' id='line_1_16' title="bbox 265 520 1327 564; baseline 0.007 -14"><span class='ocrx_word' id='word_1_74' title='bbox 265 520 386 559; x_wconf 87' lang='lat' dir='ltr'>Regna,</span> <span class='ocrx_word' id='word_1_75' title='bbox 408 520 594 560; x_wconf 86' lang='lat' dir='ltr'>Provincias,</span> <span class='ocrx_word' id='word_1_76' title='bbox 617 521 751 553; x_wconf 85' lang='lat' dir='ltr'>Subditos</span> <span class='ocrx_word' id='word_1_77' title='bbox 776 524 808 554; x_wconf 65' lang='grc' dir='ltr'>ὃς</span> <span class='ocrx_word' id='word_1_78' title='bbox 833 524 982 562; x_wconf 80' lang='lat' dir='ltr'>Vallallos,</span> <span class='ocrx_word' id='word_1_79' title='bbox 1004 535 1063 556; x_wconf 90' lang='lat' dir='ltr'>tam</span> <span class='ocrx_word' id='word_1_80' title='bbox 1091 527 1140 564; x_wconf 89' lang='lat' dir='ltr'>qui</span> <span class='ocrx_word' id='word_1_81' title='bbox 1166 537 1246 557; x_wconf 89' lang='lat' dir='ltr'>nunc</span> <span class='ocrx_word' id='word_1_82' title='bbox 1265 527 1327 558; x_wconf 88' lang='lat' dir='ltr'>sunt</span> 
     </span>
     <span class='ocr_line' id='line_1_17' title="bbox 265 559 1328 602; baseline 0.005 -13"><span class='ocrx_word' id='word_1_83' title='bbox 265 561 352 597; x_wconf 76' lang='lat' dir='ltr'>quam</span> <span class='ocrx_word' id='word_1_84' title='bbox 371 560 420 597; x_wconf 90' lang='lat' dir='ltr'>qui</span> <span class='ocrx_word' id='word_1_85' title='bbox 434 559 624 596; x_wconf 85' lang='lat' dir='ltr'>imposterum</span> <span class='ocrx_word' id='word_1_86' title='bbox 640 569 739 598; x_wconf 88' lang='lat' dir='ltr'>erunt,</span> <span class='ocrx_word' id='word_1_87' title='bbox 763 562 795 592; x_wconf 89' lang='lat' dir='ltr'>fit</span> <span class='ocrx_word' id='word_1_88' title='bbox 817 562 1029 601; x_wconf 80' lang='lat' dir='ltr'>imperpetuum</span> <span class='ocrx_word' id='word_1_89' title='bbox 1048 587 1058 602; x_wconf 87' lang='lat'>,</span> <span class='ocrx_word' id='word_1_90' title='bbox 1080 573 1137 594; x_wconf 88' lang='lat' dir='ltr'>tam</span> <span class='ocrx_word' id='word_1_91' title='bbox 1162 575 1212 602; x_wconf 88' lang='lat' dir='ltr'>per</span> <span class='ocrx_word' id='word_1_92' title='bbox 1227 565 1328 594; x_wconf 86' lang='lat' dir='ltr'>Terras</span> 
     </span>
     <span class='ocr_line' id='line_1_18' title="bbox 265 598 1328 640; baseline 0.005 -13"><span class='ocrx_word' id='word_1_93' title='bbox 265 607 353 636; x_wconf 89' lang='lat' dir='ltr'>quam</span> <span class='ocrx_word' id='word_1_94' title='bbox 370 607 420 636; x_wconf 91' lang='lat' dir='ltr'>per</span> <span class='ocrx_word' id='word_1_95' title='bbox 437 607 513 628; x_wconf 90' lang='lat' dir='ltr'>mare</span> <span class='ocrx_word' id='word_1_96' title='bbox 528 600 561 630; x_wconf 71' lang='grc' dir='ltr'>ὃ(</span> <span class='ocrx_word' id='word_1_97' title='bbox 578 598 673 637; x_wconf 81' lang='lat' dir='ltr'>Aquas</span> <span class='ocrx_word' id='word_1_98' title='bbox 685 599 781 630; x_wconf 78' lang='lat' dir='ltr'>dulces</span> <span class='ocrx_word' id='word_1_99' title='bbox 791 622 799 637; x_wconf 88' lang='lat'>,</span> <span class='ocrx_word' id='word_1_100' title='bbox 817 610 850 630; x_wconf 90' lang='lat' dir='ltr'>ac</span> <span class='ocrx_word' id='word_1_101' title='bbox 865 603 958 632; x_wconf 87' lang='lat' dir='ltr'>ubivis</span> <span class='ocrx_word' id='word_1_102' title='bbox 973 603 1107 633; x_wconf 91' lang='lat' dir='ltr'>locorum</span> <span class='ocrx_word' id='word_1_103' title='bbox 1118 625 1127 640; x_wconf 96' lang='lat'>,</span> <span class='ocrx_word' id='word_1_104' title='bbox 1146 603 1328 639; x_wconf 82' lang='lat' dir='ltr'>sincera‚ve-</span> 
     </span>
     <span class='ocr_line' id='line_1_19' title="bbox 266 636 1327 677; baseline 0.005 -11"><span class='ocrx_word' id='word_1_105' title='bbox 266 646 314 673; x_wconf 90' lang='lat' dir='ltr'>ra,</span> <span class='ocrx_word' id='word_1_106' title='bbox 332 636 525 667; x_wconf 88' lang='lat' dir='ltr'>irrevocabilis</span> <span class='ocrx_word' id='word_1_107' title='bbox 550 638 583 668; x_wconf 90' lang='lat'>&amp;</span> <span class='ocrx_word' id='word_1_108' title='bbox 601 638 723 673; x_wconf 64' lang='lat' dir='ltr'>perfecta</span> <span class='ocrx_word' id='word_1_109' title='bbox 737 637 894 677; x_wconf 82' lang='lat' dir='ltr'>Amicitia,</span> <span class='ocrx_word' id='word_1_110' title='bbox 913 639 970 670; x_wconf 83' lang='lat' dir='ltr'>Pax</span> <span class='ocrx_word' id='word_1_111' title='bbox 991 642 1023 671; x_wconf 86' lang='lat'>&amp;</span> <span class='ocrx_word' id='word_1_112' title='bbox 1049 641 1271 677; x_wconf 82' lang='lat' dir='ltr'>Confederatio‚</span> <span class='ocrx_word' id='word_1_113' title='bbox 1290 643 1327 671; x_wconf 86' lang='lat' dir='ltr'>ita</span> 
     </span>
     <span class='ocr_line' id='line_1_20' title="bbox 266 675 1327 717; baseline 0.005 -13"><span class='ocrx_word' id='word_1_114' title='bbox 266 683 299 705; x_wconf 89' lang='lat' dir='ltr'>ut</span> <span class='ocrx_word' id='word_1_115' title='bbox 313 684 405 712; x_wconf 78' lang='lat' dir='ltr'>neque</span> <span class='ocrx_word' id='word_1_116' title='bbox 421 675 468 711; x_wconf 81' lang='lat' dir='ltr'>ipli</span> <span class='ocrx_word' id='word_1_117' title='bbox 484 675 531 704; x_wconf 86' lang='lat' dir='ltr'>sibi</span> <span class='ocrx_word' id='word_1_118' title='bbox 548 676 675 705; x_wconf 77' lang='lat' dir='ltr'>invicem</span> <span class='ocrx_word' id='word_1_119' title='bbox 693 677 737 707; x_wconf 85' lang='lat' dir='ltr'>vel</span> <span class='ocrx_word' id='word_1_120' title='bbox 752 677 907 708; x_wconf 78' lang='lat' dir='ltr'>alterutrius</span> <span class='ocrx_word' id='word_1_121' title='bbox 917 679 1046 717; x_wconf 76' lang='lat' dir='ltr'>Regnis,</span> <span class='ocrx_word' id='word_1_122' title='bbox 1066 680 1327 716; x_wconf 68' lang='lat' dir='ltr'>P1‘ovinciis,b&#39;ub-</span> 
     </span>
     <span class='ocr_line' id='line_1_21' title="bbox 269 713 1326 754; baseline 0.005 -12"><span class='ocrx_word' id='word_1_123' title='bbox 269 713 334 743; x_wconf 87' lang='lat' dir='ltr'>ditis</span> <span class='ocrx_word' id='word_1_124' title='bbox 349 723 395 743; x_wconf 81' lang='lat' dir='ltr'>aut</span> <span class='ocrx_word' id='word_1_125' title='bbox 412 713 438 743; x_wconf 87' lang='lat' dir='ltr'>V</span> <span class='ocrx_word' id='word_1_126' title='bbox 441 713 536 743; x_wconf 77' lang='lat' dir='ltr'>assallis</span> <span class='ocrx_word' id='word_1_127' title='bbox 551 714 773 746; x_wconf 86' lang='lat' dir='ltr'>incommodum</span> <span class='ocrx_word' id='word_1_128' title='bbox 784 716 877 746; x_wconf 85' lang='lat' dir='ltr'>ullum</span> <span class='ocrx_word' id='word_1_129' title='bbox 898 718 943 747; x_wconf 88' lang='lat' dir='ltr'>vel</span> <span class='ocrx_word' id='word_1_130' title='bbox 960 718 1165 747; x_wconf 83' lang='lat' dir='ltr'>detrimentum</span> <span class='ocrx_word' id='word_1_131' title='bbox 1183 718 1202 736; x_wconf 61' lang='lat'>²*</span> <span class='ocrx_word' id='word_1_132' title='bbox 1218 726 1326 754; x_wconf 92' lang='lat' dir='ltr'>corpo-</span> 
     </span>
     <span class='ocr_line' id='line_1_22' title="bbox 265 751 1325 794; baseline 0.003 -13"><span class='ocrx_word' id='word_1_133' title='bbox 265 752 301 782; x_wconf 86' lang='lat' dir='ltr'>ris</span> <span class='ocrx_word' id='word_1_134' title='bbox 315 760 360 781; x_wconf 89' lang='lat' dir='ltr'>aut</span> <span class='ocrx_word' id='word_1_135' title='bbox 376 751 524 781; x_wconf 88' lang='lat' dir='ltr'>Bonorum</span> <span class='ocrx_word' id='word_1_136' title='bbox 534 752 671 791; x_wconf 81' lang='lat' dir='ltr'>inferant,</span> <span class='ocrx_word' id='word_1_137' title='bbox 691 764 782 792; x_wconf 88' lang='lat' dir='ltr'>neque</span> <span class='ocrx_word' id='word_1_138' title='bbox 797 754 1026 785; x_wconf 85' lang='lat' dir='ltr'>consentiantaut</span> <span class='ocrx_word' id='word_1_139' title='bbox 1041 756 1220 794; x_wconf 86' lang='lat' dir='ltr'>permittant,</span> <span class='ocrx_word' id='word_1_140' title='bbox 1237 765 1325 793; x_wconf 87' lang='lat' dir='ltr'>quan-</span> 
     </span>
     <span class='ocr_line' id='line_1_23' title="bbox 266 791 1325 830; baseline 0.003 -10"><span class='ocrx_word' id='word_1_141' title='bbox 266 798 328 820; x_wconf 87' lang='lat' dir='ltr'>tum</span> <span class='ocrx_word' id='word_1_142' title='bbox 346 791 374 819; x_wconf 92' lang='lat' dir='ltr'>in</span> <span class='ocrx_word' id='word_1_143' title='bbox 391 791 454 827; x_wconf 86' lang='lat' dir='ltr'>ipfis</span> <span class='ocrx_word' id='word_1_144' title='bbox 468 791 534 827; x_wconf 86' lang='lat' dir='ltr'>erit,</span> <span class='ocrx_word' id='word_1_145' title='bbox 553 800 584 821; x_wconf 89' lang='lat' dir='ltr'>ut</span> <span class='ocrx_word' id='word_1_146' title='bbox 600 793 636 821; x_wconf 88' lang='lat' dir='ltr'>ab</span> <span class='ocrx_word' id='word_1_147' title='bbox 651 793 707 822; x_wconf 75' lang='lat' dir='ltr'>aliis</span> <span class='ocrx_word' id='word_1_148' title='bbox 724 794 781 823; x_wconf 87' lang='lat' dir='ltr'>hoc</span> <span class='ocrx_word' id='word_1_149' title='bbox 796 792 861 830; x_wconf 82' lang='lat' dir='ltr'>fiat,</span> <span class='ocrx_word' id='word_1_150' title='bbox 877 793 922 824; x_wconf 88' lang='lat' dir='ltr'>sed</span> <span class='ocrx_word' id='word_1_151' title='bbox 935 793 1100 823; x_wconf 91' lang='lat' dir='ltr'>seinvicem</span> <span class='ocrx_word' id='word_1_152' title='bbox 1112 793 1221 823; x_wconf 88' lang='lat' dir='ltr'>sincero</span> <span class='ocrx_word' id='word_1_153' title='bbox 1231 793 1325 823; x_wconf 86' lang='lat' dir='ltr'>Amo-</span> 
     </span>
     <span class='ocr_line' id='line_1_24' title="bbox 265 826 1324 869; baseline 0.004 -11"><span class='ocrx_word' id='word_1_154' title='bbox 265 838 296 859; x_wconf 91' lang='lat' dir='ltr'>re</span> <span class='ocrx_word' id='word_1_155' title='bbox 312 838 345 858; x_wconf 93' lang='lat' dir='ltr'>ac</span> <span class='ocrx_word' id='word_1_156' title='bbox 361 826 416 858; x_wconf 81' lang='lat' dir='ltr'>fide</span> <span class='ocrx_word' id='word_1_157' title='bbox 437 829 661 869; x_wconf 70' lang='lat' dir='ltr'>ampletstantur,</span> <span class='ocrx_word' id='word_1_158' title='bbox 678 832 743 861; x_wconf 85' lang='lat' dir='ltr'>alter</span> <span class='ocrx_word' id='word_1_159' title='bbox 764 832 876 861; x_wconf 81' lang='lat' dir='ltr'>alterius</span> <span class='ocrx_word' id='word_1_160' title='bbox 899 832 1048 861; x_wconf 79' lang='lat' dir='ltr'>utilitatem</span> <span class='ocrx_word' id='word_1_161' title='bbox 1073 833 1106 862; x_wconf 69' lang='grc' dir='ltr'>ὃς</span> <span class='ocrx_word' id='word_1_162' title='bbox 1128 832 1324 862; x_wconf 86' lang='lat' dir='ltr'>commodum</span> 
     </span>
     <span class='ocr_line' id='line_1_25' title="bbox 265 866 1324 908; baseline 0.003 -11"><span class='ocrx_word' id='word_1_163' title='bbox 265 866 308 897; x_wconf 86' lang='lat' dir='ltr'>uti</span> <span class='ocrx_word' id='word_1_164' title='bbox 323 867 355 898; x_wconf 91' lang='lat'>&amp;</span> <span class='ocrx_word' id='word_1_165' title='bbox 369 866 560 898; x_wconf 83' lang='lat' dir='ltr'>Subditorum</span> <span class='ocrx_word' id='word_1_166' title='bbox 578 868 731 906; x_wconf 70' lang='lat' dir='ltr'>respetstive</span> <span class='ocrx_word' id='word_1_167' title='bbox 752 878 886 906; x_wconf 85' lang='lat' dir='ltr'>tanquam</span> <span class='ocrx_word' id='word_1_168' title='bbox 900 869 1064 906; x_wconf 85' lang='lat' dir='ltr'>proprium,</span> <span class='ocrx_word' id='word_1_169' title='bbox 1083 880 1223 908; x_wconf 89' lang='lat' dir='ltr'>quantum</span> <span class='ocrx_word' id='word_1_170' title='bbox 1242 879 1324 908; x_wconf 89' lang='lat' dir='ltr'>pote-</span> 
     </span>
     <span class='ocr_line' id='line_1_26' title="bbox 264 906 1327 945; baseline 0.004 -11"><span class='ocrx_word' id='word_1_171' title='bbox 264 906 320 942; x_wconf 87' lang='lat' dir='ltr'>rit,</span> <span class='ocrx_word' id='word_1_172' title='bbox 333 915 504 942; x_wconf 87' lang='lat' dir='ltr'>promoveat</span> <span class='ocrx_word' id='word_1_173' title='bbox 519 907 551 937; x_wconf 85' lang='lat'>&amp;</span> <span class='ocrx_word' id='word_1_174' title='bbox 567 909 720 945; x_wconf 83' lang='lat' dir='ltr'>provehat,</span> <span class='ocrx_word' id='word_1_175' title='bbox 743 907 859 937; x_wconf 87' lang='lat' dir='ltr'>Damna</span> <span class='ocrx_word' id='word_1_176' title='bbox 873 915 966 937; x_wconf 85' lang='lat' dir='ltr'>autem</span> <span class='ocrx_word' id='word_1_177' title='bbox 978 908 1011 938; x_wconf 73' lang='grc' dir='ltr'>δε</span> <span class='ocrx_word' id='word_1_178' title='bbox 1028 908 1171 938; x_wconf 87' lang='lat' dir='ltr'>interitum</span> <span class='ocrx_word' id='word_1_179' title='bbox 1192 911 1327 939; x_wconf 87' lang='lat' dir='ltr'>omnibus</span> 
     </span>
     <span class='ocr_line' id='line_1_27' title="bbox 262 944 1326 986; baseline 0.005 -13"><span class='ocrx_word' id='word_1_180' title='bbox 262 944 388 982; x_wconf 88' lang='lat' dir='ltr'>viribus,</span> <span class='ocrx_word' id='word_1_181' title='bbox 405 953 464 975; x_wconf 88' lang='lat' dir='ltr'>tam</span> <span class='ocrx_word' id='word_1_182' title='bbox 482 945 560 977; x_wconf 64' lang='lat' dir='ltr'>facito</span> <span class='ocrx_word' id='word_1_183' title='bbox 577 946 662 985; x_wconf 72' lang='lat' dir='ltr'>quam</span> <span class='ocrx_word' id='word_1_184' title='bbox 677 945 937 983; x_wconf 76' lang='lat' dir='ltr'>Consiliis‚itidem</span> <span class='ocrx_word' id='word_1_185' title='bbox 952 955 985 976; x_wconf 91' lang='lat' dir='ltr'>ac</span> <span class='ocrx_word' id='word_1_186' title='bbox 1000 947 1168 986; x_wconf 85' lang='lat' dir='ltr'>proprium,</span> <span class='ocrx_word' id='word_1_187' title='bbox 1188 948 1326 986; x_wconf 81' lang='lat' dir='ltr'>impediat</span> 
     </span>
     <span class='ocr_line' id='line_1_28' title="bbox 261 991 430 1014; baseline 0.012 -2"><span class='ocrx_word' id='word_1_188' title='bbox 261 991 297 1013; x_wconf 89' lang='lat' dir='ltr'>ac</span> <span class='ocrx_word' id='word_1_189' title='bbox 311 991 430 1014; x_wconf 85' lang='lat' dir='ltr'>avertat.</span> 
     </span>
    </p>

    <p class='ocr_par' dir='ltr' id='par_1_9' title="bbox 260 1020 1327 1246">
     <span class='ocr_line' id='line_1_29' title="bbox 300 1020 1325 1061; baseline 0.003 -10"><span class='ocrx_word' id='word_1_190' title='bbox 300 1030 329 1051; x_wconf 92' lang='lat'>2.</span> <span class='ocrx_word' id='word_1_191' title='bbox 349 1020 557 1059; x_wconf 76' lang='lat' dir='ltr'>Conventum,</span> <span class='ocrx_word' id='word_1_192' title='bbox 577 1021 789 1053; x_wconf 81' lang='lat' dir='ltr'>concordatum</span> <span class='ocrx_word' id='word_1_193' title='bbox 807 1021 841 1052; x_wconf 75' lang='grc' dir='ltr'>δε</span> <span class='ocrx_word' id='word_1_194' title='bbox 858 1021 1026 1053; x_wconf 89' lang='lat' dir='ltr'>conclusum</span> <span class='ocrx_word' id='word_1_195' title='bbox 1051 1022 1110 1060; x_wconf 84' lang='lat' dir='ltr'>cst,</span> <span class='ocrx_word' id='word_1_196' title='bbox 1138 1024 1218 1061; x_wconf 91' lang='lat' dir='ltr'>quod</span> <span class='ocrx_word' id='word_1_197' title='bbox 1242 1023 1325 1054; x_wconf 91' lang='lat' dir='ltr'>fimul</span> 
     </span>
     <span class='ocr_line' id='line_1_30' title="bbox 261 1059 1325 1099; baseline 0.003 -9"><span class='ocrx_word' id='word_1_198' title='bbox 261 1067 346 1098; x_wconf 86' lang='lat' dir='ltr'>atque</span> <span class='ocrx_word' id='word_1_199' title='bbox 367 1060 495 1091; x_wconf 79' lang='lat' dir='ltr'>alteruter</span> <span class='ocrx_word' id='word_1_200' title='bbox 512 1060 626 1099; x_wconf 87' lang='lat' dir='ltr'>Regum</span> <span class='ocrx_word' id='word_1_201' title='bbox 649 1059 865 1099; x_wconf 63' lang='lat' dir='ltr'>predictorum,</span> <span class='ocrx_word' id='word_1_202' title='bbox 883 1069 930 1091; x_wconf 86' lang='lat' dir='ltr'>aut</span> <span class='ocrx_word' id='word_1_203' title='bbox 951 1071 1053 1092; x_wconf 88' lang='lat' dir='ltr'>eorum</span> <span class='ocrx_word' id='word_1_204' title='bbox 1070 1061 1230 1099; x_wconf 63' lang='lat' dir='ltr'>respective</span> <span class='ocrx_word' id='word_1_205' title='bbox 1253 1063 1325 1093; x_wconf 91' lang='lat' dir='ltr'>Suc-</span> 
     </span>
     <span class='ocr_line' id='line_1_31' title="bbox 263 1097 1326 1138; baseline 0.003 -9"><span class='ocrx_word' id='word_1_206' title='bbox 263 1098 403 1137; x_wconf 82' lang='lat' dir='ltr'>ceffores‚</span> <span class='ocrx_word' id='word_1_207' title='bbox 421 1098 583 1129; x_wconf 84' lang='lat' dir='ltr'>resciverint</span> <span class='ocrx_word' id='word_1_208' title='bbox 597 1097 703 1135; x_wconf 89' lang='lat' dir='ltr'>aliquid</span> <span class='ocrx_word' id='word_1_209' title='bbox 721 1099 783 1137; x_wconf 75' lang='lat' dir='ltr'>agi,</span> <span class='ocrx_word' id='word_1_210' title='bbox 801 1100 860 1136; x_wconf 85' lang='lat' dir='ltr'>peti</span> <span class='ocrx_word' id='word_1_211' title='bbox 883 1107 932 1130; x_wconf 88' lang='lat' dir='ltr'>aut</span> <span class='ocrx_word' id='word_1_212' title='bbox 951 1099 1082 1138; x_wconf 66' lang='lat' dir='ltr'>tractari,</span> <span class='ocrx_word' id='word_1_213' title='bbox 1103 1101 1182 1138; x_wconf 85' lang='lat' dir='ltr'>quod</span> <span class='ocrx_word' id='word_1_214' title='bbox 1203 1102 1235 1132; x_wconf 90' lang='lat' dir='ltr'>in</span> <span class='ocrx_word' id='word_1_215' title='bbox 1256 1101 1326 1132; x_wconf 87' lang='lat' dir='ltr'>alte-</span> 
     </span>
     <span class='ocr_line' id='line_1_32' title="bbox 262 1136 1326 1178; baseline 0.005 -12"><span class='ocrx_word' id='word_1_216' title='bbox 262 1137 323 1168; x_wconf 86' lang='lat' dir='ltr'>rius</span> <span class='ocrx_word' id='word_1_217' title='bbox 345 1137 530 1176; x_wconf 85' lang='lat' dir='ltr'>prejudicium</span> <span class='ocrx_word' id='word_1_218' title='bbox 555 1144 601 1167; x_wconf 88' lang='lat' dir='ltr'>aut</span> <span class='ocrx_word' id='word_1_219' title='bbox 618 1136 756 1166; x_wconf 84' lang='lat' dir='ltr'>damnum</span> <span class='ocrx_word' id='word_1_220' title='bbox 779 1145 894 1176; x_wconf 87' lang='lat' dir='ltr'>vergere</span> <span class='ocrx_word' id='word_1_221' title='bbox 916 1137 1018 1178; x_wconf 80' lang='lat' dir='ltr'>possit,</span> <span class='ocrx_word' id='word_1_222' title='bbox 1044 1138 1177 1170; x_wconf 67' lang='lat' dir='ltr'>obstritsti</span> <span class='ocrx_word' id='word_1_223' title='bbox 1193 1149 1275 1170; x_wconf 88' lang='lat' dir='ltr'>erunt</span> <span class='ocrx_word' id='word_1_224' title='bbox 1295 1150 1326 1172; x_wconf 90' lang='lat' dir='ltr'>ut</span> 
     </span>
     <span class='ocr_line' id='line_1_33' title="bbox 263 1174 1327 1217; baseline 0.004 -11"><span class='ocrx_word' id='word_1_225' title='bbox 263 1176 324 1206; x_wconf 86' lang='lat' dir='ltr'>hoc</span> <span class='ocrx_word' id='word_1_226' title='bbox 347 1175 442 1207; x_wconf 87' lang='lat' dir='ltr'>statim</span> <span class='ocrx_word' id='word_1_227' title='bbox 462 1175 539 1206; x_wconf 87' lang='lat' dir='ltr'>alteri</span> <span class='ocrx_word' id='word_1_228' title='bbox 559 1182 662 1206; x_wconf 89' lang='lat' dir='ltr'>notum</span> <span class='ocrx_word' id='word_1_229' title='bbox 682 1174 805 1215; x_wconf 85' lang='lat' dir='ltr'>faciant,</span> <span class='ocrx_word' id='word_1_230' title='bbox 822 1180 856 1208; x_wconf 73' lang='grc' dir='ltr'>ὅ(</span> <span class='ocrx_word' id='word_1_231' title='bbox 870 1185 1008 1215; x_wconf 89' lang='lat' dir='ltr'>quantum</span> <span class='ocrx_word' id='word_1_232' title='bbox 1029 1177 1059 1207; x_wconf 91' lang='lat' dir='ltr'>in</span> <span class='ocrx_word' id='word_1_233' title='bbox 1073 1178 1138 1216; x_wconf 78' lang='lat' dir='ltr'>ipsis</span> <span class='ocrx_word' id='word_1_234' title='bbox 1159 1180 1214 1210; x_wconf 86' lang='lat' dir='ltr'>erit</span> <span class='ocrx_word' id='word_1_235' title='bbox 1233 1180 1327 1217; x_wconf 86' lang='lat' dir='ltr'>impe-</span> 
     </span>
     <span class='ocr_line' id='line_1_34' title="bbox 260 1212 542 1246; baseline -0.004 -1"><span class='ocrx_word' id='word_1_236' title='bbox 260 1212 340 1246; x_wconf 85' lang='lat' dir='ltr'>diant</span> <span class='ocrx_word' id='word_1_237' title='bbox 356 1215 390 1246; x_wconf 90' lang='lat'>&amp;</span> <span class='ocrx_word' id='word_1_238' title='bbox 406 1221 542 1245; x_wconf 87' lang='lat' dir='ltr'>avertant.</span> 
     </span>
    </p>

    <p class='ocr_par' dir='ltr' id='par_1_10' title="bbox 258 1251 1325 1678">
     <span class='ocr_line' id='line_1_35' title="bbox 305 1251 1325 1294; baseline 0.004 -11"><span class='ocrx_word' id='word_1_239' title='bbox 305 1262 332 1293; x_wconf 83' lang='lat'>3.</span> <span class='ocrx_word' id='word_1_240' title='bbox 355 1252 563 1289; x_wconf 90' lang='lat' dir='ltr'>Conventum,</span> <span class='ocrx_word' id='word_1_241' title='bbox 587 1251 798 1283; x_wconf 82' lang='lat' dir='ltr'>concordatum</span> <span class='ocrx_word' id='word_1_242' title='bbox 822 1255 856 1286; x_wconf 89' lang='lat'>&amp;</span> <span class='ocrx_word' id='word_1_243' title='bbox 877 1254 1044 1285; x_wconf 88' lang='lat' dir='ltr'>conclusum</span> <span class='ocrx_word' id='word_1_244' title='bbox 1066 1253 1124 1292; x_wconf 87' lang='lat' dir='ltr'>est,</span> <span class='ocrx_word' id='word_1_245' title='bbox 1148 1256 1182 1286; x_wconf 87' lang='lat'>&amp;</span> <span class='ocrx_word' id='word_1_246' title='bbox 1203 1255 1325 1294; x_wconf 60' lang='lat' dir='ltr'>predititi</span> 
     </span>
     <span class='ocr_line' id='line_1_36' title="bbox 262 1290 1324 1333; baseline 0.004 -12"><span class='ocrx_word' id='word_1_247' title='bbox 262 1291 353 1323; x_wconf 88' lang='lat' dir='ltr'>iidem</span> <span class='ocrx_word' id='word_1_248' title='bbox 367 1291 463 1330; x_wconf 83' lang='lat' dir='ltr'>Reges</span> <span class='ocrx_word' id='word_1_249' title='bbox 478 1298 532 1329; x_wconf 86' lang='lat' dir='ltr'>pro</span> <span class='ocrx_word' id='word_1_250' title='bbox 545 1290 573 1322; x_wconf 91' lang='lat' dir='ltr'>se</span> <span class='ocrx_word' id='word_1_251' title='bbox 587 1293 621 1323; x_wconf 76' lang='grc' dir='ltr'>δε</span> <span class='ocrx_word' id='word_1_252' title='bbox 639 1291 802 1322; x_wconf 83' lang='lat' dir='ltr'>Heredibus</span> <span class='ocrx_word' id='word_1_253' title='bbox 815 1293 848 1323; x_wconf 88' lang='lat'>&amp;</span> <span class='ocrx_word' id='word_1_254' title='bbox 861 1292 1077 1324; x_wconf 82' lang='lat' dir='ltr'>Succefforibus</span> <span class='ocrx_word' id='word_1_255' title='bbox 1089 1293 1246 1332; x_wconf 68' lang='lat' dir='ltr'>respective</span> <span class='ocrx_word' id='word_1_256' title='bbox 1259 1295 1324 1333; x_wconf 67' lang='lat' dir='ltr'>sui-s,</span> 
     </span>
     <span class='ocr_line' id='line_1_37' title="bbox 261 1330 1325 1370; baseline 0.005 -11"><span class='ocrx_word' id='word_1_257' title='bbox 261 1331 358 1361; x_wconf 67' lang='lat' dir='ltr'>sancte</span> <span class='ocrx_word' id='word_1_258' title='bbox 377 1331 549 1369; x_wconf 74' lang='lat' dir='ltr'>pollicentur</span> <span class='ocrx_word' id='word_1_259' title='bbox 564 1330 634 1360; x_wconf 89' lang='lat' dir='ltr'>nihil</span> <span class='ocrx_word' id='word_1_260' title='bbox 648 1331 675 1361; x_wconf 87' lang='lat' dir='ltr'>se</span> <span class='ocrx_word' id='word_1_261' title='bbox 688 1330 809 1361; x_wconf 84' lang='lat' dir='ltr'>Subsidii</span> <span class='ocrx_word' id='word_1_262' title='bbox 824 1332 922 1362; x_wconf 86' lang='lat' dir='ltr'>Bellici</span> <span class='ocrx_word' id='word_1_263' title='bbox 936 1333 1051 1370; x_wconf 86' lang='lat' dir='ltr'>alicujus</span> <span class='ocrx_word' id='word_1_264' title='bbox 1065 1342 1166 1362; x_wconf 91' lang='lat' dir='ltr'>eorum</span> <span class='ocrx_word' id='word_1_265' title='bbox 1182 1332 1325 1364; x_wconf 89' lang='lat' dir='ltr'>Hostibus</span> 
     </span>
     <span class='ocr_line' id='line_1_38' title="bbox 260 1366 1324 1410; baseline 0.004 -11"><span class='ocrx_word' id='word_1_266' title='bbox 260 1366 388 1408; x_wconf 87' lang='lat' dir='ltr'>unquam</span> <span class='ocrx_word' id='word_1_267' title='bbox 403 1370 522 1407; x_wconf 82' lang='lat' dir='ltr'>laturos,</span> <span class='ocrx_word' id='word_1_268' title='bbox 542 1368 576 1399; x_wconf 88' lang='lat'>&amp;</span> <span class='ocrx_word' id='word_1_269' title='bbox 593 1369 671 1408; x_wconf 91' lang='lat' dir='ltr'>quod</span> <span class='ocrx_word' id='word_1_270' title='bbox 685 1379 786 1400; x_wconf 89' lang='lat' dir='ltr'>eorum</span> <span class='ocrx_word' id='word_1_271' title='bbox 803 1370 915 1401; x_wconf 87' lang='lat' dir='ltr'>Subditi</span> <span class='ocrx_word' id='word_1_272' title='bbox 928 1372 972 1401; x_wconf 91' lang='lat' dir='ltr'>vel</span> <span class='ocrx_word' id='word_1_273' title='bbox 988 1369 1108 1408; x_wconf 88' lang='lat' dir='ltr'>Incole,</span> <span class='ocrx_word' id='word_1_274' title='bbox 1132 1371 1324 1410; x_wconf 85' lang='lat' dir='ltr'>cujuscunque</span> 
     </span>
     <span class='ocr_line' id='line_1_39' title="bbox 260 1407 1325 1448; baseline 0.004 -11"><span class='ocrx_word' id='word_1_275' title='bbox 260 1407 316 1439; x_wconf 88' lang='lat' dir='ltr'>fint</span> <span class='ocrx_word' id='word_1_276' title='bbox 331 1407 469 1440; x_wconf 89' lang='lat' dir='ltr'>Nationis</span> <span class='ocrx_word' id='word_1_277' title='bbox 482 1417 530 1439; x_wconf 89' lang='lat' dir='ltr'>aut</span> <span class='ocrx_word' id='word_1_278' title='bbox 554 1408 712 1446; x_wconf 83' lang='lat' dir='ltr'>qualitatis,</span> <span class='ocrx_word' id='word_1_279' title='bbox 729 1408 785 1439; x_wconf 90' lang='lat' dir='ltr'>five</span> <span class='ocrx_word' id='word_1_280' title='bbox 807 1418 937 1448; x_wconf 87' lang='lat' dir='ltr'>pretextu</span> <span class='ocrx_word' id='word_1_281' title='bbox 959 1408 1132 1439; x_wconf 89' lang='lat' dir='ltr'>Intercursus</span> <span class='ocrx_word' id='word_1_282' title='bbox 1154 1418 1201 1440; x_wconf 88' lang='lat' dir='ltr'>aut</span> <span class='ocrx_word' id='word_1_283' title='bbox 1226 1410 1325 1441; x_wconf 90' lang='lat' dir='ltr'>Corn-</span> 
     </span>
     <span class='ocr_line' id='line_1_40' title="bbox 260 1447 1322 1487; baseline 0.003 -10"><span class='ocrx_word' id='word_1_284' title='bbox 260 1448 378 1487; x_wconf 72' lang='lat' dir='ltr'>mercfi,</span> <span class='ocrx_word' id='word_1_285' title='bbox 398 1447 454 1478; x_wconf 87' lang='lat' dir='ltr'>sive</span> <span class='ocrx_word' id='word_1_286' title='bbox 461 1448 517 1479; x_wconf 88' lang='lat' dir='ltr'>alio</span> <span class='ocrx_word' id='word_1_287' title='bbox 533 1457 708 1486; x_wconf 87' lang='lat' dir='ltr'>quocunque</span> <span class='ocrx_word' id='word_1_288' title='bbox 722 1447 833 1484; x_wconf 86' lang='lat' dir='ltr'>quesito</span> <span class='ocrx_word' id='word_1_289' title='bbox 848 1448 964 1485; x_wconf 88' lang='lat' dir='ltr'>colore,</span> <span class='ocrx_word' id='word_1_290' title='bbox 982 1448 1142 1478; x_wconf 86' lang='lat' dir='ltr'>eorundem</span> <span class='ocrx_word' id='word_1_291' title='bbox 1153 1448 1322 1487; x_wconf 86' lang='lat' dir='ltr'>Principum</span> 
     </span>
     <span class='ocr_line' id='line_1_41' title="bbox 258 1485 1323 1524; baseline 0.002 -8"><span class='ocrx_word' id='word_1_292' title='bbox 258 1494 306 1517; x_wconf 80' lang='lat' dir='ltr'>aut</span> <span class='ocrx_word' id='word_1_293' title='bbox 318 1487 433 1523; x_wconf 85' lang='lat' dir='ltr'>alicujus</span> <span class='ocrx_word' id='word_1_294' title='bbox 446 1496 547 1518; x_wconf 86' lang='lat' dir='ltr'>eorum</span> <span class='ocrx_word' id='word_1_295' title='bbox 565 1485 688 1523; x_wconf 87' lang='lat' dir='ltr'>Hostes,</span> <span class='ocrx_word' id='word_1_296' title='bbox 707 1486 782 1516; x_wconf 90' lang='lat' dir='ltr'>nulla</span> <span class='ocrx_word' id='word_1_297' title='bbox 792 1487 902 1517; x_wconf 88' lang='lat' dir='ltr'>ratione</span> <span class='ocrx_word' id='word_1_298' title='bbox 914 1488 1073 1524; x_wconf 84' lang='lat' dir='ltr'>juvabunt,</span> <span class='ocrx_word' id='word_1_299' title='bbox 1092 1486 1232 1517; x_wconf 88' lang='lat' dir='ltr'>Pecunias</span> <span class='ocrx_word' id='word_1_300' title='bbox 1249 1497 1323 1518; x_wconf 86' lang='lat' dir='ltr'>con—</span> 
     </span>
     <span class='ocr_line' id='line_1_42' title="bbox 258 1520 1322 1563; baseline 0.003 -9"><span class='ocrx_word' id='word_1_301' title='bbox 258 1520 369 1563; x_wconf 86' lang='lat' dir='ltr'>ferent,</span> <span class='ocrx_word' id='word_1_302' title='bbox 388 1524 618 1562; x_wconf 76' lang='lat' dir='ltr'>Commeatum,</span> <span class='ocrx_word' id='word_1_303' title='bbox 633 1527 739 1561; x_wconf 82' lang='lat' dir='ltr'>Arma,</span> <span class='ocrx_word' id='word_1_304' title='bbox 752 1523 907 1555; x_wconf 85' lang='lat' dir='ltr'>Machinas</span> <span class='ocrx_word' id='word_1_305' title='bbox 917 1548 927 1563; x_wconf 91' lang='lat'>,</span> <span class='ocrx_word' id='word_1_306' title='bbox 941 1524 1132 1563; x_wconf 88' lang='lat' dir='ltr'>Bombardas,</span> <span class='ocrx_word' id='word_1_307' title='bbox 1147 1524 1322 1557; x_wconf 89' lang='lat' dir='ltr'>Instrumen-</span> 
     </span>
     <span class='ocr_line' id='line_1_43' title="bbox 260 1562 1323 1603; baseline 0.001 -9"><span class='ocrx_word' id='word_1_308' title='bbox 260 1570 290 1593; x_wconf 87' lang='lat' dir='ltr'>ta</span> <span class='ocrx_word' id='word_1_309' title='bbox 309 1563 388 1594; x_wconf 89' lang='lat' dir='ltr'>Bello</span> <span class='ocrx_word' id='word_1_310' title='bbox 403 1564 530 1603; x_wconf 84' lang='lat' dir='ltr'>gerendo</span> <span class='ocrx_word' id='word_1_311' title='bbox 550 1571 614 1602; x_wconf 88' lang='lat' dir='ltr'>apta</span> <span class='ocrx_word' id='word_1_312' title='bbox 630 1584 639 1599; x_wconf 93' lang='lat'>,</span> <span class='ocrx_word' id='word_1_313' title='bbox 664 1562 786 1602; x_wconf 85' lang='lat' dir='ltr'>aliosque</span> <span class='ocrx_word' id='word_1_314' title='bbox 808 1563 926 1593; x_wconf 88' lang='lat' dir='ltr'>bellicos</span> <span class='ocrx_word' id='word_1_315' title='bbox 950 1563 1105 1600; x_wconf 84' lang='lat' dir='ltr'>Apparatus</span> <span class='ocrx_word' id='word_1_316' title='bbox 1125 1564 1323 1596; x_wconf 83' lang='lat' dir='ltr'>subministra-</span> 
     </span>
     <span class='ocr_line' id='line_1_44' title="bbox 260 1601 1321 1640; baseline 0.003 -9"><span class='ocrx_word' id='word_1_317' title='bbox 260 1602 354 1640; x_wconf 89' lang='lat' dir='ltr'>bunt,</span> <span class='ocrx_word' id='word_1_318' title='bbox 373 1601 410 1632; x_wconf 90' lang='lat' dir='ltr'>Et</span> <span class='ocrx_word' id='word_1_319' title='bbox 424 1602 442 1631; x_wconf 85' lang='lat' dir='ltr'>si</span> <span class='ocrx_word' id='word_1_320' title='bbox 453 1604 502 1639; x_wconf 86' lang='lat' dir='ltr'>qui</span> <span class='ocrx_word' id='word_1_321' title='bbox 511 1601 730 1632; x_wconf 84' lang='lat' dir='ltr'>contrafecerint</span> <span class='ocrx_word' id='word_1_322' title='bbox 737 1623 747 1638; x_wconf 93' lang='lat'>,</span> <span class='ocrx_word' id='word_1_323' title='bbox 768 1603 798 1632; x_wconf 93' lang='lat' dir='ltr'>in</span> <span class='ocrx_word' id='word_1_324' title='bbox 814 1601 879 1632; x_wconf 86' lang='lat' dir='ltr'>illos</span> <span class='ocrx_word' id='word_1_325' title='bbox 895 1603 974 1640; x_wconf 88' lang='lat' dir='ltr'>penis</span> <span class='ocrx_word' id='word_1_326' title='bbox 989 1602 1175 1633; x_wconf 71' lang='lat' dir='ltr'>acerbissimis</span> <span class='ocrx_word' id='word_1_327' title='bbox 1192 1604 1321 1635; x_wconf 88' lang='lat' dir='ltr'>animad—</span> 
     </span>
     <span class='ocr_line' id='line_1_45' title="bbox 263 1639 1240 1678; baseline 0 -6"><span class='ocrx_word' id='word_1_328' title='bbox 263 1642 376 1672; x_wconf 88' lang='lat' dir='ltr'>versum</span> <span class='ocrx_word' id='word_1_329' title='bbox 395 1641 443 1678; x_wconf 82' lang='lat' dir='ltr'>iri,</span> <span class='ocrx_word' id='word_1_330' title='bbox 462 1649 493 1671; x_wconf 91' lang='lat' dir='ltr'>ut</span> <span class='ocrx_word' id='word_1_331' title='bbox 509 1642 538 1669; x_wconf 91' lang='lat' dir='ltr'>in</span> <span class='ocrx_word' id='word_1_332' title='bbox 557 1639 718 1678; x_wconf 82' lang='lat' dir='ltr'>Fedifragos</span> <span class='ocrx_word' id='word_1_333' title='bbox 734 1650 767 1670; x_wconf 89' lang='lat' dir='ltr'>ac</span> <span class='ocrx_word' id='word_1_334' title='bbox 785 1641 940 1671; x_wconf 80' lang='lat' dir='ltr'>Seditiosos</span> <span class='ocrx_word' id='word_1_335' title='bbox 955 1642 1025 1672; x_wconf 84' lang='lat' dir='ltr'>lolet</span> <span class='ocrx_word' id='word_1_336' title='bbox 1042 1641 1240 1673; x_wconf 78' lang='lat' dir='ltr'>animadverti.</span> 
     </span>
    </p>

    <p class='ocr_par' dir='ltr' id='par_1_11' title="bbox 251 1678 1321 1992">
     <span class='ocr_line' id='line_1_46' title="bbox 294 1678 1321 1718; baseline 0.003 -9"><span class='ocrx_word' id='word_1_337' title='bbox 294 1688 324 1718; x_wconf 88' lang='lat'>4.</span> <span class='ocrx_word' id='word_1_338' title='bbox 343 1678 551 1717; x_wconf 87' lang='lat' dir='ltr'>Conventum,</span> <span class='ocrx_word' id='word_1_339' title='bbox 567 1678 780 1710; x_wconf 88' lang='lat' dir='ltr'>concordatum</span> <span class='ocrx_word' id='word_1_340' title='bbox 794 1680 828 1710; x_wconf 85' lang='lat'>&amp;</span> <span class='ocrx_word' id='word_1_341' title='bbox 845 1680 1013 1710; x_wconf 85' lang='lat' dir='ltr'>conclusum</span> <span class='ocrx_word' id='word_1_342' title='bbox 1029 1681 1089 1718; x_wconf 86' lang='lat' dir='ltr'>est,</span> <span class='ocrx_word' id='word_1_343' title='bbox 1105 1682 1185 1718; x_wconf 88' lang='lat' dir='ltr'>quod</span> <span class='ocrx_word' id='word_1_344' title='bbox 1201 1682 1221 1711; x_wconf 87' lang='lat' dir='ltr'>si</span> <span class='ocrx_word' id='word_1_345' title='bbox 1242 1681 1321 1712; x_wconf 87' lang='lat' dir='ltr'>alteri</span> 
     </span>
     <span class='ocr_line' id='line_1_47' title="bbox 256 1717 1321 1758; baseline 0.002 -10"><span class='ocrx_word' id='word_1_346' title='bbox 256 1717 454 1755; x_wconf 58' lang='lat' dir='ltr'>predffltorum</span> <span class='ocrx_word' id='word_1_347' title='bbox 478 1717 595 1757; x_wconf 84' lang='lat' dir='ltr'>Regum</span> <span class='ocrx_word' id='word_1_348' title='bbox 614 1717 659 1748; x_wconf 91' lang='lat' dir='ltr'>vel</span> <span class='ocrx_word' id='word_1_349' title='bbox 676 1727 779 1747; x_wconf 90' lang='lat' dir='ltr'>eorum</span> <span class='ocrx_word' id='word_1_350' title='bbox 795 1717 925 1757; x_wconf 82' lang='lat' dir='ltr'>Regnis,</span> <span class='ocrx_word' id='word_1_351' title='bbox 943 1719 1043 1749; x_wconf 88' lang='lat' dir='ltr'>Terris</span> <span class='ocrx_word' id='word_1_352' title='bbox 1065 1729 1112 1749; x_wconf 88' lang='lat' dir='ltr'>aut</span> <span class='ocrx_word' id='word_1_353' title='bbox 1135 1720 1321 1758; x_wconf 85' lang='lat' dir='ltr'>Ditionibus,</span> 
     </span>
     <span class='ocr_line' id='line_1_48' title="bbox 256 1756 1320 1795; baseline 0.004 -10"><span class='ocrx_word' id='word_1_354' title='bbox 256 1756 371 1795; x_wconf 83' lang='lat' dir='ltr'>aliquis,</span> <span class='ocrx_word' id='word_1_355' title='bbox 392 1766 479 1795; x_wconf 86' lang='lat' dir='ltr'>quem</span> <span class='ocrx_word' id='word_1_356' title='bbox 495 1757 540 1786; x_wconf 89' lang='lat' dir='ltr'>ille</span> <span class='ocrx_word' id='word_1_357' title='bbox 557 1766 615 1786; x_wconf 87' lang='lat' dir='ltr'>non</span> <span class='ocrx_word' id='word_1_358' title='bbox 632 1756 707 1793; x_wconf 89' lang='lat' dir='ltr'>prius</span> <span class='ocrx_word' id='word_1_359' title='bbox 720 1757 864 1795; x_wconf 81' lang='lat' dir='ltr'>aggressus</span> <span class='ocrx_word' id='word_1_360' title='bbox 883 1757 1020 1788; x_wconf 88' lang='lat' dir='ltr'>fueritseu</span> <span class='ocrx_word' id='word_1_361' title='bbox 1029 1759 1246 1795; x_wconf 82' lang='lat' dir='ltr'>provocaverit,</span> <span class='ocrx_word' id='word_1_362' title='bbox 1257 1758 1320 1789; x_wconf 90' lang='lat' dir='ltr'>Bel-</span> 
     </span>
     <span class='ocr_line' id='line_1_49' title="bbox 255 1794 1313 1834; baseline 0.003 -9"><span class='ocrx_word' id='word_1_363' title='bbox 255 1795 315 1825; x_wconf 76' lang='lat' dir='ltr'>lum</span> <span class='ocrx_word' id='word_1_364' title='bbox 336 1796 476 1833; x_wconf 89' lang='lat' dir='ltr'>moverit,</span> <span class='ocrx_word' id='word_1_365' title='bbox 495 1795 540 1825; x_wconf 87' lang='lat' dir='ltr'>vel</span> <span class='ocrx_word' id='word_1_366' title='bbox 553 1794 604 1833; x_wconf 85' lang='lat' dir='ltr'>Jus</span> <span class='ocrx_word' id='word_1_367' title='bbox 626 1795 759 1834; x_wconf 76' lang='lat' dir='ltr'>aliquod,</span> <span class='ocrx_word' id='word_1_368' title='bbox 777 1795 1012 1834; x_wconf 81' lang='lat' dir='ltr'>Superioritatem</span> <span class='ocrx_word' id='word_1_369' title='bbox 1032 1805 1077 1826; x_wconf 86' lang='lat' dir='ltr'>aut</span> <span class='ocrx_word' id='word_1_370' title='bbox 1097 1796 1313 1828; x_wconf 84' lang='lat' dir='ltr'>Immunitatem</span> 
     </span>
     <span class='ocr_line' id='line_1_50' title="bbox 255 1832 1315 1872; baseline 0.003 -9"><span class='ocrx_word' id='word_1_371' title='bbox 255 1833 287 1863; x_wconf 89' lang='lat' dir='ltr'>in</span> <span class='ocrx_word' id='word_1_372' title='bbox 302 1833 412 1865; x_wconf 87' lang='lat' dir='ltr'>alterius</span> <span class='ocrx_word' id='word_1_373' title='bbox 435 1833 629 1872; x_wconf 63' lang='lat' dir='ltr'>predictorum</span> <span class='ocrx_word' id='word_1_374' title='bbox 647 1832 765 1872; x_wconf 83' lang='lat' dir='ltr'>Regum</span> <span class='ocrx_word' id='word_1_375' title='bbox 782 1833 911 1870; x_wconf 75' lang='lat' dir='ltr'>Regnis,</span> <span class='ocrx_word' id='word_1_376' title='bbox 934 1834 1096 1865; x_wconf 80' lang='lat' dir='ltr'>Provinciis</span> <span class='ocrx_word' id='word_1_377' title='bbox 1117 1844 1164 1865; x_wconf 87' lang='lat' dir='ltr'>aut</span> <span class='ocrx_word' id='word_1_378' title='bbox 1180 1836 1315 1866; x_wconf 79' lang='lat' dir='ltr'>Territo-</span> 
     </span>
     <span class='ocr_line' id='line_1_51' title="bbox 255 1872 1312 1912; baseline 0.003 -10"><span class='ocrx_word' id='word_1_379' title='bbox 255 1872 321 1910; x_wconf 84' lang='lat' dir='ltr'>riis,</span> <span class='ocrx_word' id='word_1_380' title='bbox 340 1872 385 1903; x_wconf 90' lang='lat' dir='ltr'>vel</span> <span class='ocrx_word' id='word_1_381' title='bbox 399 1872 480 1910; x_wconf 80' lang='lat' dir='ltr'>super</span> <span class='ocrx_word' id='word_1_382' title='bbox 497 1882 529 1902; x_wconf 89' lang='lat' dir='ltr'>ea</span> <span class='ocrx_word' id='word_1_383' title='bbox 545 1872 573 1902; x_wconf 89' lang='lat' dir='ltr'>vi</span> <span class='ocrx_word' id='word_1_384' title='bbox 588 1872 638 1902; x_wconf 89' lang='lat' dir='ltr'>sibi</span> <span class='ocrx_word' id='word_1_385' title='bbox 651 1881 778 1911; x_wconf 80' lang='lat' dir='ltr'>arrogare</span> <span class='ocrx_word' id='word_1_386' title='bbox 794 1873 937 1910; x_wconf 90' lang='lat' dir='ltr'>voluerit,</span> <span class='ocrx_word' id='word_1_387' title='bbox 956 1873 1033 1912; x_wconf 83' lang='lat' dir='ltr'>quod</span> <span class='ocrx_word' id='word_1_388' title='bbox 1058 1874 1088 1903; x_wconf 90' lang='lat' dir='ltr'>in</span> <span class='ocrx_word' id='word_1_389' title='bbox 1113 1873 1232 1912; x_wconf 83' lang='lat' dir='ltr'>presenti</span> <span class='ocrx_word' id='word_1_390' title='bbox 1251 1885 1312 1905; x_wconf 89' lang='lat' dir='ltr'>non</span> 
     </span>
     <span class='ocr_line' id='line_1_52' title="bbox 252 1909 1318 1952; baseline 0.004 -12"><span class='ocrx_word' id='word_1_391' title='bbox 252 1911 394 1948; x_wconf 85' lang='lat' dir='ltr'>poffidet,</span> <span class='ocrx_word' id='word_1_392' title='bbox 412 1920 505 1950; x_wconf 87' lang='lat' dir='ltr'>neque</span> <span class='ocrx_word' id='word_1_393' title='bbox 520 1920 557 1940; x_wconf 88' lang='lat' dir='ltr'>eo</span> <span class='ocrx_word' id='word_1_394' title='bbox 572 1909 690 1948; x_wconf 85' lang='lat' dir='ltr'>fruitur,</span> <span class='ocrx_word' id='word_1_395' title='bbox 708 1919 764 1941; x_wconf 87' lang='lat' dir='ltr'>tam</span> <span class='ocrx_word' id='word_1_396' title='bbox 779 1911 848 1941; x_wconf 87' lang='lat' dir='ltr'>alter</span> <span class='ocrx_word' id='word_1_397' title='bbox 865 1911 943 1942; x_wconf 86' lang='lat' dir='ltr'>alteri</span> <span class='ocrx_word' id='word_1_398' title='bbox 960 1920 1062 1942; x_wconf 85' lang='lat' dir='ltr'>contra</span> <span class='ocrx_word' id='word_1_399' title='bbox 1075 1913 1153 1942; x_wconf 90' lang='lat' dir='ltr'>hunc</span> <span class='ocrx_word' id='word_1_400' title='bbox 1169 1914 1318 1952; x_wconf 89' lang='lat' dir='ltr'>Tettium,</span> 
     </span>
     <span class='ocr_line' id='line_1_53' title="bbox 251 1948 1317 1992; baseline 0.003 -14"><span class='ocrx_word' id='word_1_401' title='bbox 251 1948 358 1989; x_wconf 83' lang='lat' dir='ltr'>absque</span> <span class='ocrx_word' id='word_1_402' title='bbox 372 1949 428 1981; x_wconf 88' lang='lat' dir='ltr'>ulla</span> <span class='ocrx_word' id='word_1_403' title='bbox 446 1950 647 1988; x_wconf 61' lang='lat' dir='ltr'>cunctatione,</span> <span class='ocrx_word' id='word_1_404' title='bbox 667 1950 700 1981; x_wconf 88' lang='lat'>&amp;</span> <span class='ocrx_word' id='word_1_405' title='bbox 718 1950 751 1980; x_wconf 88' lang='lat' dir='ltr'>ad</span> <span class='ocrx_word' id='word_1_406' title='bbox 775 1950 932 1987; x_wconf 87' lang='lat' dir='ltr'>plurimum</span> <span class='ocrx_word' id='word_1_407' title='bbox 955 1951 1026 1981; x_wconf 91' lang='lat' dir='ltr'>infra</span> <span class='ocrx_word' id='word_1_408' title='bbox 1048 1959 1167 1992; x_wconf 84' lang='lat' dir='ltr'>quatuor</span> <span class='ocrx_word' id='word_1_409' title='bbox 1188 1952 1317 1991; x_wconf 69' lang='lat' dir='ltr'>Menfiu,</span> 
     </span>
    </p>

    <p class='ocr_par' dir='ltr' id='par_1_12' title="bbox 249 1986 1318 2682">
     <span class='ocr_line' id='line_1_54' title="bbox 249 1986 1318 2029; baseline 0.004 -12"><span class='ocrx_word' id='word_1_410' title='bbox 249 1986 417 2019; x_wconf 89' lang='lat' dir='ltr'>dummodo</span> <span class='ocrx_word' id='word_1_411' title='bbox 432 1988 487 2027; x_wconf 87' lang='lat' dir='ltr'>ipse</span> <span class='ocrx_word' id='word_1_412' title='bbox 501 1999 516 2019; x_wconf 92' lang='lat' dir='ltr'>a</span> <span class='ocrx_word' id='word_1_413' title='bbox 529 1990 646 2026; x_wconf 88' lang='lat' dir='ltr'>proprio</span> <span class='ocrx_word' id='word_1_414' title='bbox 664 1987 741 2019; x_wconf 83' lang='lat' dir='ltr'>Bello</span> <span class='ocrx_word' id='word_1_415' title='bbox 755 1988 786 2019; x_wconf 92' lang='lat' dir='ltr'>sit</span> <span class='ocrx_word' id='word_1_416' title='bbox 802 1989 955 2026; x_wconf 70' lang='lat' dir='ltr'>immunis,</span> <span class='ocrx_word' id='word_1_417' title='bbox 975 1989 1119 2020; x_wconf 85' lang='lat' dir='ltr'>succurret</span> <span class='ocrx_word' id='word_1_418' title='bbox 1132 1991 1166 2021; x_wconf 74' lang='grc' dir='ltr'>ὃς</span> <span class='ocrx_word' id='word_1_419' title='bbox 1180 1991 1318 2029; x_wconf 79' lang='lat' dir='ltr'>suppetias</span> 
     </span>
     <span class='ocr_line' id='line_1_55' title="bbox 250 2025 1317 2068; baseline 0.004 -11"><span class='ocrx_word' id='word_1_420' title='bbox 250 2025 340 2067; x_wconf 84' lang='lat' dir='ltr'>feret,</span> <span class='ocrx_word' id='word_1_421' title='bbox 359 2027 508 2065; x_wconf 84' lang='lat' dir='ltr'>videlicet,</span> <span class='ocrx_word' id='word_1_422' title='bbox 536 2036 605 2058; x_wconf 90' lang='lat' dir='ltr'>cum</span> <span class='ocrx_word' id='word_1_423' title='bbox 622 2028 691 2057; x_wconf 65' lang='lat'>0530</span> <span class='ocrx_word' id='word_1_424' title='bbox 705 2027 837 2056; x_wconf 80' lang='lat' dir='ltr'>Navibus</span> <span class='ocrx_word' id='word_1_425' title='bbox 853 2027 960 2057; x_wconf 80' lang='lat' dir='ltr'>bellicis</span> <span class='ocrx_word' id='word_1_426' title='bbox 971 2051 978 2063; x_wconf 85' lang='lat'>,</span> <span class='ocrx_word' id='word_1_427' title='bbox 997 2038 1114 2065; x_wconf 82' lang='lat' dir='ltr'>quarum</span> <span class='ocrx_word' id='word_1_428' title='bbox 1132 2038 1254 2068; x_wconf 86' lang='lat' dir='ltr'>quatuor</span> <span class='ocrx_word' id='word_1_429' title='bbox 1269 2040 1317 2060; x_wconf 91' lang='lat' dir='ltr'>ca-</span> 
     </span>
     <span class='ocr_line' id='line_1_56' title="bbox 252 2066 1316 2107; baseline 0.003 -12"><span class='ocrx_word' id='word_1_430' title='bbox 252 2074 337 2103; x_wconf 77' lang='lat' dir='ltr'>paces</span> <span class='ocrx_word' id='word_1_431' title='bbox 349 2066 404 2097; x_wconf 80' lang='lat' dir='ltr'>sint</span> <span class='ocrx_word' id='word_1_432' title='bbox 422 2066 544 2105; x_wconf 78' lang='lat' dir='ltr'>singule,</span> <span class='ocrx_word' id='word_1_433' title='bbox 562 2067 655 2096; x_wconf 83' lang='lat' dir='ltr'>oneris</span> <span class='ocrx_word' id='word_1_434' title='bbox 673 2072 779 2096; x_wconf 83' lang='lat' dir='ltr'>centum</span> <span class='ocrx_word' id='word_1_435' title='bbox 804 2066 836 2097; x_wconf 73' lang='grc' dir='ltr'>ὃ(</span> <span class='ocrx_word' id='word_1_436' title='bbox 852 2069 1050 2107; x_wconf 68' lang='lat' dir='ltr'>quinquaginta</span> <span class='ocrx_word' id='word_1_437' title='bbox 1070 2076 1116 2097; x_wconf 83' lang='lat' dir='ltr'>aut</span> <span class='ocrx_word' id='word_1_438' title='bbox 1139 2069 1316 2099; x_wconf 83' lang='lat' dir='ltr'>ducentarum</span> 
     </span>
     <span class='ocr_line' id='line_1_57' title="bbox 255 2103 1316 2145; baseline 0.004 -12"><span class='ocrx_word' id='word_1_439' title='bbox 255 2103 406 2144; x_wconf 78' lang='lat' dir='ltr'>Lastarum</span> <span class='ocrx_word' id='word_1_440' title='bbox 422 2107 614 2143; x_wconf 76' lang='lat' dir='ltr'>nauticarum,</span> <span class='ocrx_word' id='word_1_441' title='bbox 633 2106 666 2137; x_wconf 74' lang='lat' dir='ltr'>Sc</span> <span class='ocrx_word' id='word_1_442' title='bbox 686 2111 791 2134; x_wconf 84' lang='lat' dir='ltr'>centum</span> <span class='ocrx_word' id='word_1_443' title='bbox 804 2107 837 2137; x_wconf 84' lang='lat'>&amp;</span> <span class='ocrx_word' id='word_1_444' title='bbox 852 2108 1051 2145; x_wconf 58' lang='lat' dir='ltr'>quinquaginta</span> <span class='ocrx_word' id='word_1_445' title='bbox 1076 2114 1123 2136; x_wconf 88' lang='lat' dir='ltr'>aut</span> <span class='ocrx_word' id='word_1_446' title='bbox 1143 2107 1316 2138; x_wconf 65' lang='lat' dir='ltr'>ducentorum</span> 
     </span>
     <span class='ocr_line' id='line_1_58' title="bbox 254 2143 1317 2183; baseline 0.004 -9"><span class='ocrx_word' id='word_1_447' title='bbox 254 2143 411 2176; x_wconf 85' lang='lat' dir='ltr'>hominum</span> <span class='ocrx_word' id='word_1_448' title='bbox 445 2144 566 2183; x_wconf 81' lang='lat' dir='ltr'>presidio</span> <span class='ocrx_word' id='word_1_449' title='bbox 582 2167 591 2183; x_wconf 88' lang='lat'>,</span> <span class='ocrx_word' id='word_1_450' title='bbox 621 2145 654 2176; x_wconf 67' lang='grc' dir='ltr'>δε</span> <span class='ocrx_word' id='word_1_451' title='bbox 675 2146 779 2181; x_wconf 74' lang='lat' dir='ltr'>viginti</span> <span class='ocrx_word' id='word_1_452' title='bbox 800 2143 910 2174; x_wconf 72' lang='lat' dir='ltr'>Bellisis</span> <span class='ocrx_word' id='word_1_453' title='bbox 935 2147 1085 2175; x_wconf 76' lang='lat' dir='ltr'>Tormentis</span> <span class='ocrx_word' id='word_1_454' title='bbox 1111 2147 1317 2177; x_wconf 79' lang='lat' dir='ltr'>sufficientibus</span> 
     </span>
     <span class='ocr_line' id='line_1_59' title="bbox 253 2182 1316 2224; baseline 0.005 -12"><span class='ocrx_word' id='word_1_455' title='bbox 253 2182 409 2221; x_wconf 53' lang='lat' dir='ltr'>instruite,</span> <span class='ocrx_word' id='word_1_456' title='bbox 437 2183 541 2224; x_wconf 77' lang='lat' dir='ltr'>relique</span> <span class='ocrx_word' id='word_1_457' title='bbox 553 2192 671 2221; x_wconf 86' lang='lat' dir='ltr'>quatuor</span> <span class='ocrx_word' id='word_1_458' title='bbox 684 2183 736 2213; x_wconf 88' lang='lat' dir='ltr'>sint</span> <span class='ocrx_word' id='word_1_459' title='bbox 756 2193 871 2220; x_wconf 62' lang='lat' dir='ltr'>capices</span> <span class='ocrx_word' id='word_1_460' title='bbox 889 2183 1007 2223; x_wconf 69' lang='lat' dir='ltr'>singule,</span> <span class='ocrx_word' id='word_1_461' title='bbox 1027 2186 1120 2214; x_wconf 87' lang='lat' dir='ltr'>oneris</span> <span class='ocrx_word' id='word_1_462' title='bbox 1141 2193 1249 2215; x_wconf 83' lang='lat' dir='ltr'>centum</span> <span class='ocrx_word' id='word_1_463' title='bbox 1269 2187 1316 2217; x_wconf 89' lang='lat' dir='ltr'>vel</span> 
     </span>
     <span class='ocr_line' id='line_1_60' title="bbox 255 2221 1315 2262; baseline 0.002 -10"><span class='ocrx_word' id='word_1_464' title='bbox 255 2229 363 2253; x_wconf 82' lang='lat' dir='ltr'>centum</span> <span class='ocrx_word' id='word_1_465' title='bbox 385 2221 424 2258; x_wconf 66' lang='lat'>&amp;⁹</span> <span class='ocrx_word' id='word_1_466' title='bbox 440 2225 544 2261; x_wconf 72' lang='lat' dir='ltr'>viginti</span> <span class='ocrx_word' id='word_1_467' title='bbox 559 2222 709 2260; x_wconf 51' lang='lat' dir='ltr'>Lim-starum</span> <span class='ocrx_word' id='word_1_468' title='bbox 728 2223 920 2260; x_wconf 50' lang='lat' dir='ltr'>iirediciarum</span> <span class='ocrx_word' id='word_1_469' title='bbox 930 2245 939 2260; x_wconf 85' lang='lat'>,</span> <span class='ocrx_word' id='word_1_470' title='bbox 953 2223 1105 2262; x_wconf 84' lang='lat' dir='ltr'>prelidium</span> <span class='ocrx_word' id='word_1_471' title='bbox 1121 2224 1241 2255; x_wconf 82' lang='lat' dir='ltr'>habeant</span> <span class='ocrx_word' id='word_1_472' title='bbox 1252 2235 1315 2254; x_wconf 80' lang='lat' dir='ltr'>cen-</span> 
     </span>
     <span class='ocr_line' id='line_1_61' title="bbox 255 2260 1315 2300; baseline 0.002 -9"><span class='ocrx_word' id='word_1_473' title='bbox 255 2267 315 2292; x_wconf 79' lang='lat' dir='ltr'>tum</span> <span class='ocrx_word' id='word_1_474' title='bbox 329 2260 381 2291; x_wconf 80' lang='lat' dir='ltr'>vel</span> <span class='ocrx_word' id='word_1_475' title='bbox 394 2268 499 2291; x_wconf 73' lang='lat' dir='ltr'>centum</span> <span class='ocrx_word' id='word_1_476' title='bbox 514 2261 552 2297; x_wconf 55' lang='lat' dir='ltr'>&amp;a</span> <span class='ocrx_word' id='word_1_477' title='bbox 571 2264 674 2298; x_wconf 61' lang='lat' dir='ltr'>viginti</span> <span class='ocrx_word' id='word_1_478' title='bbox 694 2262 847 2291; x_wconf 78' lang='lat' dir='ltr'>hominum</span> <span class='ocrx_word' id='word_1_479' title='bbox 865 2261 1043 2300; x_wconf 62' lang='lat' dir='ltr'>&amp;sexdecim</span> <span class='ocrx_word' id='word_1_480' title='bbox 1058 2261 1226 2300; x_wconf 69' lang='lat' dir='ltr'>fitfficientia</span> <span class='ocrx_word' id='word_1_481' title='bbox 1247 2265 1315 2293; x_wconf 85' lang='lat' dir='ltr'>Tor-</span> 
     </span>
     <span class='ocr_line' id='line_1_62' title="bbox 253 2299 1315 2340; baseline 0.001 -8"><span class='ocrx_word' id='word_1_482' title='bbox 253 2307 364 2337; x_wconf 85' lang='lat' dir='ltr'>menta,</span> <span class='ocrx_word' id='word_1_483' title='bbox 382 2308 519 2340; x_wconf 86' lang='lat' dir='ltr'>eruntque</span> <span class='ocrx_word' id='word_1_484' title='bbox 536 2299 643 2331; x_wconf 71' lang='lat' dir='ltr'>Clall&#39;es</span> <span class='ocrx_word' id='word_1_485' title='bbox 658 2299 708 2330; x_wconf 82' lang='lat' dir='ltr'>iste</span> <span class='ocrx_word' id='word_1_486' title='bbox 724 2299 833 2330; x_wconf 79' lang='lat' dir='ltr'>stibdite</span> <span class='ocrx_word' id='word_1_487' title='bbox 850 2300 973 2337; x_wconf 83' lang='lat' dir='ltr'>imperio</span> <span class='ocrx_word' id='word_1_488' title='bbox 992 2301 1143 2331; x_wconf 75' lang='lat' dir='ltr'>Admiralli</span> <span class='ocrx_word' id='word_1_489' title='bbox 1165 2302 1238 2332; x_wconf 79' lang='lat' dir='ltr'>illius</span> <span class='ocrx_word' id='word_1_490' title='bbox 1254 2302 1315 2333; x_wconf 82' lang='lat' dir='ltr'>Re-</span> 
     </span>
     <span class='ocr_line' id='line_1_63' title="bbox 256 2338 1314 2380; baseline 0.002 -10"><span class='ocrx_word' id='word_1_491' title='bbox 256 2341 317 2379; x_wconf 80' lang='lat' dir='ltr'>gis,</span> <span class='ocrx_word' id='word_1_492' title='bbox 333 2342 379 2371; x_wconf 86' lang='lat' dir='ltr'>cui</span> <span class='ocrx_word' id='word_1_493' title='bbox 391 2340 495 2370; x_wconf 77' lang='lat' dir='ltr'>auxilio</span> <span class='ocrx_word' id='word_1_494' title='bbox 510 2340 662 2369; x_wconf 89' lang='lat' dir='ltr'>mittuntur</span> <span class='ocrx_word' id='word_1_495' title='bbox 673 2362 682 2375; x_wconf 96' lang='lat'>,</span> <span class='ocrx_word' id='word_1_496' title='bbox 700 2338 732 2369; x_wconf 84' lang='lat'>&amp;</span> <span class='ocrx_word' id='word_1_497' title='bbox 750 2339 957 2369; x_wconf 86' lang='lat' dir='ltr'>continuabunt</span> <span class='ocrx_word' id='word_1_498' title='bbox 971 2339 1027 2370; x_wconf 90' lang='lat' dir='ltr'>hec</span> <span class='ocrx_word' id='word_1_499' title='bbox 1043 2340 1159 2378; x_wconf 77' lang='lat' dir='ltr'>auxilia,</span> <span class='ocrx_word' id='word_1_500' title='bbox 1177 2341 1314 2380; x_wconf 86' lang='lat' dir='ltr'>quamdiu</span> 
     </span>
     <span class='ocr_line' id='line_1_64' title="bbox 255 2376 1314 2416; baseline 0 -5"><span class='ocrx_word' id='word_1_501' title='bbox 255 2379 367 2411; x_wconf 88' lang='lat' dir='ltr'>Bellum</span> <span class='ocrx_word' id='word_1_502' title='bbox 382 2378 540 2415; x_wconf 75' lang='lat' dir='ltr'>duraverit,</span> <span class='ocrx_word' id='word_1_503' title='bbox 559 2378 608 2407; x_wconf 63' lang='lat' dir='ltr'>nixi</span> <span class='ocrx_word' id='word_1_504' title='bbox 624 2377 761 2408; x_wconf 78' lang='lat' dir='ltr'>auxilium</span> <span class='ocrx_word' id='word_1_505' title='bbox 779 2376 873 2408; x_wconf 82' lang='lat' dir='ltr'>ferens</span> <span class='ocrx_word' id='word_1_506' title='bbox 892 2377 974 2416; x_wconf 77' lang='lat' dir='ltr'>Rex,</span> <span class='ocrx_word' id='word_1_507' title='bbox 996 2380 1114 2416; x_wconf 85' lang='lat' dir='ltr'>proprio</span> <span class='ocrx_word' id='word_1_508' title='bbox 1135 2380 1240 2411; x_wconf 89' lang='lat' dir='ltr'>interea</span> <span class='ocrx_word' id='word_1_509' title='bbox 1260 2390 1314 2410; x_wconf 91' lang='lat' dir='ltr'>oc-</span> 
     </span>
     <span class='ocr_line' id='line_1_65' title="bbox 258 2415 1316 2456; baseline 0 -7"><span class='ocrx_word' id='word_1_510' title='bbox 258 2427 380 2456; x_wconf 80' lang='lat' dir='ltr'>cupetur</span> <span class='ocrx_word' id='word_1_511' title='bbox 396 2416 495 2455; x_wconf 78' lang='lat' dir='ltr'>Bello,</span> <span class='ocrx_word' id='word_1_512' title='bbox 511 2425 542 2447; x_wconf 90' lang='lat' dir='ltr'>ut</span> <span class='ocrx_word' id='word_1_513' title='bbox 554 2415 744 2453; x_wconf 62' lang='lat' dir='ltr'>supridistum</span> <span class='ocrx_word' id='word_1_514' title='bbox 759 2415 818 2454; x_wconf 82' lang='lat' dir='ltr'>est,</span> <span class='ocrx_word' id='word_1_515' title='bbox 836 2419 868 2448; x_wconf 72' lang='grc' dir='ltr'>δε</span> <span class='ocrx_word' id='word_1_516' title='bbox 890 2416 993 2454; x_wconf 81' lang='lat' dir='ltr'>absque</span> <span class='ocrx_word' id='word_1_517' title='bbox 1016 2417 1070 2448; x_wconf 88' lang='lat' dir='ltr'>ulla</span> <span class='ocrx_word' id='word_1_518' title='bbox 1092 2419 1234 2449; x_wconf 80' lang='lat' dir='ltr'>refusione</span> <span class='ocrx_word' id='word_1_519' title='bbox 1255 2418 1316 2449; x_wconf 81' lang='lat' dir='ltr'>Ex-</span> 
     </span>
     <span class='ocr_line' id='line_1_66' title="bbox 253 2454 1317 2496; baseline 0.002 -10"><span class='ocrx_word' id='word_1_520' title='bbox 253 2457 419 2495; x_wconf 65' lang='lat' dir='ltr'>peritarum,</span> <span class='ocrx_word' id='word_1_521' title='bbox 440 2456 534 2493; x_wconf 82' lang='lat' dir='ltr'>Atque</span> <span class='ocrx_word' id='word_1_522' title='bbox 543 2455 581 2485; x_wconf 90' lang='lat' dir='ltr'>he</span> <span class='ocrx_word' id='word_1_523' title='bbox 596 2454 695 2485; x_wconf 80' lang='lat' dir='ltr'>Naves</span> <span class='ocrx_word' id='word_1_524' title='bbox 710 2455 748 2484; x_wconf 87' lang='lat' dir='ltr'>ab</span> <span class='ocrx_word' id='word_1_525' title='bbox 762 2455 811 2484; x_wconf 92' lang='lat' dir='ltr'>illo</span> <span class='ocrx_word' id='word_1_526' title='bbox 826 2454 908 2493; x_wconf 75' lang='lat' dir='ltr'>Rege</span> <span class='ocrx_word' id='word_1_527' title='bbox 921 2456 935 2485; x_wconf 72' lang='lat' dir='ltr'>a</span> <span class='ocrx_word' id='word_1_528' title='bbox 949 2466 1009 2495; x_wconf 90' lang='lat' dir='ltr'>quo</span> <span class='ocrx_word' id='word_1_529' title='bbox 1025 2458 1176 2487; x_wconf 89' lang='lat' dir='ltr'>mittuntur</span> <span class='ocrx_word' id='word_1_530' title='bbox 1186 2481 1195 2496; x_wconf 89' lang='lat'>,</span> <span class='ocrx_word' id='word_1_531' title='bbox 1213 2457 1317 2488; x_wconf 89' lang='lat' dir='ltr'>instru-</span> 
     </span>
     <span class='ocr_line' id='line_1_67' title="bbox 256 2493 1316 2536; baseline 0 -10"><span class='ocrx_word' id='word_1_532' title='bbox 256 2504 341 2526; x_wconf 86' lang='lat' dir='ltr'>entur</span> <span class='ocrx_word' id='word_1_533' title='bbox 363 2495 497 2524; x_wconf 87' lang='lat' dir='ltr'>omnibus</span> <span class='ocrx_word' id='word_1_534' title='bbox 511 2495 690 2524; x_wconf 81' lang='lat' dir='ltr'>armamentis</span> <span class='ocrx_word' id='word_1_535' title='bbox 702 2493 811 2523; x_wconf 86' lang='lat' dir='ltr'>bellicis</span> <span class='ocrx_word' id='word_1_536' title='bbox 826 2494 859 2524; x_wconf 91' lang='lat'>&amp;</span> <span class='ocrx_word' id='word_1_537' title='bbox 876 2495 1052 2525; x_wconf 80' lang='lat' dir='ltr'>Commeatu</span> <span class='ocrx_word' id='word_1_538' title='bbox 1072 2499 1156 2524; x_wconf 85' lang='lat' dir='ltr'>trium</span> <span class='ocrx_word' id='word_1_539' title='bbox 1180 2496 1316 2536; x_wconf 83' lang='lat' dir='ltr'>Menfium</span> 
     </span>
     <span class='ocr_line' id='line_1_68' title="bbox 254 2532 1316 2570; baseline 0 -5"><span class='ocrx_word' id='word_1_540' title='bbox 254 2533 496 2565; x_wconf 88' lang='lat' dir='ltr'>numerandorurn</span> <span class='ocrx_word' id='word_1_541' title='bbox 513 2543 527 2562; x_wconf 86' lang='lat' dir='ltr'>a</span> <span class='ocrx_word' id='word_1_542' title='bbox 543 2532 588 2561; x_wconf 89' lang='lat' dir='ltr'>die</span> <span class='ocrx_word' id='word_1_543' title='bbox 603 2542 660 2570; x_wconf 86' lang='lat' dir='ltr'>quo</span> <span class='ocrx_word' id='word_1_544' title='bbox 674 2541 755 2562; x_wconf 85' lang='lat' dir='ltr'>oram</span> <span class='ocrx_word' id='word_1_545' title='bbox 776 2532 906 2568; x_wconf 83' lang='lat' dir='ltr'>solvent,</span> <span class='ocrx_word' id='word_1_546' title='bbox 924 2535 962 2563; x_wconf 86' lang='lat' dir='ltr'>ita</span> <span class='ocrx_word' id='word_1_547' title='bbox 983 2542 1012 2563; x_wconf 90' lang='lat' dir='ltr'>ut</span> <span class='ocrx_word' id='word_1_548' title='bbox 1030 2532 1221 2564; x_wconf 87' lang='lat' dir='ltr'>Cornmeatus</span> <span class='ocrx_word' id='word_1_549' title='bbox 1245 2545 1316 2566; x_wconf 81' lang='lat' dir='ltr'>tan—</span> 
     </span>
     <span class='ocr_line' id='line_1_69' title="bbox 255 2570 1313 2612; baseline 0.001 -8"><span class='ocrx_word' id='word_1_550' title='bbox 255 2579 320 2604; x_wconf 80' lang='lat' dir='ltr'>tum</span> <span class='ocrx_word' id='word_1_551' title='bbox 336 2581 388 2610; x_wconf 87' lang='lat' dir='ltr'>pro</span> <span class='ocrx_word' id='word_1_552' title='bbox 400 2571 496 2610; x_wconf 86' lang='lat' dir='ltr'>postea</span> <span class='ocrx_word' id='word_1_553' title='bbox 519 2578 657 2609; x_wconf 88' lang='lat' dir='ltr'>quantum</span> <span class='ocrx_word' id='word_1_554' title='bbox 678 2570 850 2607; x_wconf 83' lang='lat' dir='ltr'>indigebunt</span> <span class='ocrx_word' id='word_1_555' title='bbox 870 2570 922 2600; x_wconf 79' lang='lat' dir='ltr'>illis</span> <span class='ocrx_word' id='word_1_556' title='bbox 941 2571 1193 2603; x_wconf 85' lang='lat' dir='ltr'>subministrandus</span> <span class='ocrx_word' id='word_1_557' title='bbox 1215 2574 1313 2612; x_wconf 88' lang='lat' dir='ltr'>fuerit,</span> 
     </span>
     <span class='ocr_line' id='line_1_70' title="bbox 256 2609 1316 2652; baseline 0.003 -11"><span class='ocrx_word' id='word_1_558' title='bbox 256 2613 293 2642; x_wconf 86' lang='lat' dir='ltr'>ab</span> <span class='ocrx_word' id='word_1_559' title='bbox 309 2621 344 2643; x_wconf 88' lang='lat' dir='ltr'>eo</span> <span class='ocrx_word' id='word_1_560' title='bbox 361 2611 443 2650; x_wconf 81' lang='lat' dir='ltr'>Rege</span> <span class='ocrx_word' id='word_1_561' title='bbox 460 2611 507 2640; x_wconf 86' lang='lat' dir='ltr'>cui</span> <span class='ocrx_word' id='word_1_562' title='bbox 523 2609 670 2639; x_wconf 75' lang='lat' dir='ltr'>Auxilium</span> <span class='ocrx_word' id='word_1_563' title='bbox 684 2609 796 2647; x_wconf 88' lang='lat' dir='ltr'>ferunt,</span> <span class='ocrx_word' id='word_1_564' title='bbox 814 2609 915 2639; x_wconf 77' lang='lat' dir='ltr'>eadem</span> <span class='ocrx_word' id='word_1_565' title='bbox 931 2610 1036 2640; x_wconf 84' lang='lat' dir='ltr'>ratione</span> <span class='ocrx_word' id='word_1_566' title='bbox 1051 2610 1084 2640; x_wconf 91' lang='lat'>&amp;</span> <span class='ocrx_word' id='word_1_567' title='bbox 1107 2612 1237 2642; x_wconf 89' lang='lat' dir='ltr'>bonitate</span> <span class='ocrx_word' id='word_1_568' title='bbox 1259 2623 1316 2652; x_wconf 91' lang='lat' dir='ltr'>que</span> 
     </span>
     <span class='ocr_line' id='line_1_71' title="bbox 257 2648 744 2682; baseline -0.01 0"><span class='ocrx_word' id='word_1_569' title='bbox 257 2659 326 2682; x_wconf 89' lang='lat' dir='ltr'>eum</span> <span class='ocrx_word' id='word_1_570' title='bbox 341 2649 394 2680; x_wconf 87' lang='lat' dir='ltr'>suis</span> <span class='ocrx_word' id='word_1_571' title='bbox 411 2648 574 2680; x_wconf 83' lang='lat' dir='ltr'>distribuere</span> <span class='ocrx_word' id='word_1_572' title='bbox 586 2648 744 2678; x_wconf 81' lang='lat' dir='ltr'>consuevit.</span> 
     </span>
    </p>

    <p class='ocr_par' dir='ltr' id='par_1_13' title="bbox 255 2686 1318 2881">
     <span class='ocr_line' id='line_1_72' title="bbox 294 2686 1315 2727; baseline 0.004 -11"><span class='ocrx_word' id='word_1_573' title='bbox 294 2696 323 2726; x_wconf 87' lang='lat'>5.</span> <span class='ocrx_word' id='word_1_574' title='bbox 342 2687 531 2718; x_wconf 83' lang='lat' dir='ltr'>Conventum</span> <span class='ocrx_word' id='word_1_575' title='bbox 549 2710 559 2725; x_wconf 85' lang='lat'>,</span> <span class='ocrx_word' id='word_1_576' title='bbox 585 2686 795 2717; x_wconf 85' lang='lat' dir='ltr'>concordatum</span> <span class='ocrx_word' id='word_1_577' title='bbox 816 2688 849 2718; x_wconf 73' lang='grc' dir='ltr'>δε</span> <span class='ocrx_word' id='word_1_578' title='bbox 870 2686 1036 2717; x_wconf 88' lang='lat' dir='ltr'>conclusum</span> <span class='ocrx_word' id='word_1_579' title='bbox 1059 2687 1101 2717; x_wconf 90' lang='lat' dir='ltr'>est</span> <span class='ocrx_word' id='word_1_580' title='bbox 1116 2710 1126 2726; x_wconf 89' lang='lat'>,</span> <span class='ocrx_word' id='word_1_581' title='bbox 1148 2689 1225 2727; x_wconf 83' lang='lat' dir='ltr'>quod</span> <span class='ocrx_word' id='word_1_582' title='bbox 1247 2689 1264 2719; x_wconf 80' lang='lat' dir='ltr'>{i</span> <span class='ocrx_word' id='word_1_583' title='bbox 1286 2690 1315 2720; x_wconf 92' lang='lat' dir='ltr'>in</span> 
     </span>
     <span class='ocr_line' id='line_1_73' title="bbox 257 2724 1318 2764; baseline 0 -6"><span class='ocrx_word' id='word_1_584' title='bbox 257 2727 411 2764; x_wconf 64' lang='lat' dir='ltr'>eoniundta</span> <span class='ocrx_word' id='word_1_585' title='bbox 426 2725 589 2763; x_wconf 85' lang='lat' dir='ltr'>hujusmodi</span> <span class='ocrx_word' id='word_1_586' title='bbox 603 2724 810 2764; x_wconf 82' lang='lat' dir='ltr'>Expeditione,</span> <span class='ocrx_word' id='word_1_587' title='bbox 830 2726 1010 2764; x_wconf 87' lang='lat' dir='ltr'>Provincias,</span> <span class='ocrx_word' id='word_1_588' title='bbox 1031 2725 1185 2764; x_wconf 75' lang='lat' dir='ltr'>Civitates,</span> <span class='ocrx_word' id='word_1_589' title='bbox 1204 2727 1318 2758; x_wconf 79' lang='lat' dir='ltr'>Castel-</span> 
     </span>
     <span class='ocr_line' id='line_1_74' title="bbox 257 2764 1317 2805; baseline 0.001 -9"><span class='ocrx_word' id='word_1_590' title='bbox 257 2766 299 2804; x_wconf 76' lang='lat' dir='ltr'>ta,</span> <span class='ocrx_word' id='word_1_591' title='bbox 320 2765 462 2796; x_wconf 81' lang='lat' dir='ltr'>Fortalitia</span> <span class='ocrx_word' id='word_1_592' title='bbox 478 2773 560 2802; x_wconf 81' lang='lat' dir='ltr'>atque</span> <span class='ocrx_word' id='word_1_593' title='bbox 573 2764 663 2802; x_wconf 85' lang='lat' dir='ltr'>aliqua</span> <span class='ocrx_word' id='word_1_594' title='bbox 676 2764 726 2793; x_wconf 88' lang='lat' dir='ltr'>alia</span> <span class='ocrx_word' id='word_1_595' title='bbox 749 2764 827 2794; x_wconf 86' lang='lat' dir='ltr'>Loca</span> <span class='ocrx_word' id='word_1_596' title='bbox 842 2766 981 2801; x_wconf 83' lang='lat' dir='ltr'>occupari</span> <span class='ocrx_word' id='word_1_597' title='bbox 1002 2766 1166 2805; x_wconf 79' lang='lat' dir='ltr'>contingat,</span> <span class='ocrx_word' id='word_1_598' title='bbox 1186 2776 1217 2796; x_wconf 87' lang='lat' dir='ltr'>ea</span> <span class='ocrx_word' id='word_1_599' title='bbox 1236 2767 1253 2797; x_wconf 89' lang='lat' dir='ltr'>si</span> <span class='ocrx_word' id='word_1_600' title='bbox 1278 2767 1317 2797; x_wconf 83' lang='lat' dir='ltr'>al-</span> 
     </span>
     <span class='ocr_line' id='line_1_75' title="bbox 255 2802 1317 2841; baseline 0.002 -6"><span class='ocrx_word' id='word_1_601' title='bbox 255 2806 339 2835; x_wconf 88' lang='lat' dir='ltr'>terius</span> <span class='ocrx_word' id='word_1_602' title='bbox 352 2803 498 2834; x_wconf 61' lang='lat' dir='ltr'>didiorum</span> <span class='ocrx_word' id='word_1_603' title='bbox 520 2803 639 2839; x_wconf 80' lang='lat' dir='ltr'>Regum</span> <span class='ocrx_word' id='word_1_604' title='bbox 656 2804 768 2839; x_wconf 84' lang='lat' dir='ltr'>propria</span> <span class='ocrx_word' id='word_1_605' title='bbox 783 2803 835 2833; x_wconf 83' lang='lat' dir='ltr'>sint</span> <span class='ocrx_word' id='word_1_606' title='bbox 851 2813 898 2834; x_wconf 90' lang='lat' dir='ltr'>aut</span> <span class='ocrx_word' id='word_1_607' title='bbox 915 2804 1033 2840; x_wconf 84' lang='lat' dir='ltr'>fuerint,</span> <span class='ocrx_word' id='word_1_608' title='bbox 1058 2802 1104 2833; x_wconf 80' lang='lat' dir='ltr'>vel</span> <span class='ocrx_word' id='word_1_609' title='bbox 1121 2806 1148 2833; x_wconf 89' lang='lat' dir='ltr'>in</span> <span class='ocrx_word' id='word_1_610' title='bbox 1170 2806 1228 2841; x_wconf 84' lang='lat' dir='ltr'>ejus</span> <span class='ocrx_word' id='word_1_611' title='bbox 1250 2806 1317 2837; x_wconf 87' lang='lat' dir='ltr'>Do-</span> 
     </span>
     <span class='ocr_line' id='line_1_76' title="bbox 258 2841 1245 2881; baseline 0.001 -9"><span class='ocrx_word' id='word_1_612' title='bbox 258 2843 351 2873; x_wconf 87' lang='lat' dir='ltr'>minio</span> <span class='ocrx_word' id='word_1_613' title='bbox 364 2851 411 2873; x_wconf 89' lang='lat' dir='ltr'>aut</span> <span class='ocrx_word' id='word_1_614' title='bbox 425 2842 587 2873; x_wconf 89' lang='lat' dir='ltr'>Territorio</span> <span class='ocrx_word' id='word_1_615' title='bbox 602 2841 648 2871; x_wconf 85' lang='lat' dir='ltr'>lita</span> <span class='ocrx_word' id='word_1_616' title='bbox 658 2864 668 2879; x_wconf 91' lang='lat'>,</span> <span class='ocrx_word' id='word_1_617' title='bbox 685 2842 780 2871; x_wconf 84' lang='lat' dir='ltr'>eidem</span> <span class='ocrx_word' id='word_1_618' title='bbox 797 2841 952 2879; x_wconf 61' lang='lat' dir='ltr'>respective</span> <span class='ocrx_word' id='word_1_619' title='bbox 968 2842 1042 2881; x_wconf 84' lang='lat' dir='ltr'>Regi</span> <span class='ocrx_word' id='word_1_620' title='bbox 1054 2842 1245 2877; x_wconf 86' lang='lat' dir='ltr'>restituentur.</span> 
     </span>
    </p>

    <p class='ocr_par' dir='ltr' id='par_1_14' title="bbox 257 2879 1318 3034">
     <span class='ocr_line' id='line_1_77' title="bbox 295 2879 1318 2920; baseline 0.003 -9"><span class='ocrx_word' id='word_1_621' title='bbox 295 2882 325 2911; x_wconf 87' lang='lat'>6.</span> <span class='ocrx_word' id='word_1_622' title='bbox 344 2880 374 2911; x_wconf 92' lang='lat' dir='ltr'>Si</span> <span class='ocrx_word' id='word_1_623' title='bbox 388 2891 441 2920; x_wconf 87' lang='lat' dir='ltr'>que</span> <span class='ocrx_word' id='word_1_624' title='bbox 451 2880 505 2911; x_wconf 86' lang='lat' dir='ltr'>alie</span> <span class='ocrx_word' id='word_1_625' title='bbox 522 2879 677 2917; x_wconf 76' lang='lat' dir='ltr'>Civitates,</span> <span class='ocrx_word' id='word_1_626' title='bbox 697 2879 872 2920; x_wconf 79' lang='lat' dir='ltr'>Provincie‚</span> <span class='ocrx_word' id='word_1_627' title='bbox 891 2880 1030 2918; x_wconf 87' lang='lat' dir='ltr'>Castella,</span> <span class='ocrx_word' id='word_1_628' title='bbox 1048 2881 1193 2912; x_wconf 85' lang='lat' dir='ltr'>Fortalitia</span> <span class='ocrx_word' id='word_1_629' title='bbox 1206 2881 1253 2913; x_wconf 88' lang='lat' dir='ltr'>seu</span> <span class='ocrx_word' id='word_1_630' title='bbox 1268 2883 1318 2915; x_wconf 84' lang='lat' dir='ltr'>alia</span> 
     </span>
     <span class='ocr_line' id='line_1_78' title="bbox 259 2918 1317 2958; baseline -0.001 -8"><span class='ocrx_word' id='word_1_631' title='bbox 259 2918 340 2951; x_wconf 85' lang='lat' dir='ltr'>Loca</span> <span class='ocrx_word' id='word_1_632' title='bbox 356 2921 505 2958; x_wconf 86' lang='lat' dir='ltr'>capientur</span> <span class='ocrx_word' id='word_1_633' title='bbox 525 2919 570 2948; x_wconf 90' lang='lat' dir='ltr'>vel</span> <span class='ocrx_word' id='word_1_634' title='bbox 588 2919 806 2956; x_wconf 81' lang='lat' dir='ltr'>occupabuntur</span> <span class='ocrx_word' id='word_1_635' title='bbox 823 2920 853 2949; x_wconf 88' lang='lat' dir='ltr'>in</span> <span class='ocrx_word' id='word_1_636' title='bbox 870 2919 946 2949; x_wconf 58' lang='lat' dir='ltr'>dista</span> <span class='ocrx_word' id='word_1_637' title='bbox 968 2919 1178 2958; x_wconf 74' lang='lat' dir='ltr'>Expeditione,</span> <span class='ocrx_word' id='word_1_638' title='bbox 1197 2932 1227 2952; x_wconf 80' lang='lat' dir='ltr'>ea</span> <span class='ocrx_word' id='word_1_639' title='bbox 1246 2923 1317 2953; x_wconf 73' lang='lat' dir='ltr'>inter</span> 
     </span>
     <span class='ocr_line' id='line_1_79' title="bbox 257 2955 1316 2997; baseline 0.003 -10"><span class='ocrx_word' id='word_1_640' title='bbox 257 2955 352 2995; x_wconf 80' lang='lat' dir='ltr'>Reges</span> <span class='ocrx_word' id='word_1_641' title='bbox 367 2957 509 2994; x_wconf 66' lang='lat' dir='ltr'>predictos</span> <span class='ocrx_word' id='word_1_642' title='bbox 524 2957 688 2987; x_wconf 85' lang='lat' dir='ltr'>dividentur</span> <span class='ocrx_word' id='word_1_643' title='bbox 698 2979 707 2994; x_wconf 90' lang='lat'>,</span> <span class='ocrx_word' id='word_1_644' title='bbox 726 2967 778 2994; x_wconf 91' lang='lat' dir='ltr'>pro</span> <span class='ocrx_word' id='word_1_645' title='bbox 794 2959 901 2988; x_wconf 87' lang='lat' dir='ltr'>ratione</span> <span class='ocrx_word' id='word_1_646' title='bbox 912 2959 945 2988; x_wconf 69' lang='grc' dir='ltr'>ὃ(</span> <span class='ocrx_word' id='word_1_647' title='bbox 959 2968 1081 2988; x_wconf 89' lang='lat' dir='ltr'>numero</span> <span class='ocrx_word' id='word_1_648' title='bbox 1098 2957 1257 2997; x_wconf 88' lang='lat' dir='ltr'>Copiarum</span> <span class='ocrx_word' id='word_1_649' title='bbox 1281 2963 1316 2993; x_wconf 91' lang='lat'>&amp;</span> 
     </span>
     <span class='ocr_line' id='line_1_80' title="bbox 258 2995 1093 3034; baseline -0.001 -6"><span class='ocrx_word' id='word_1_650' title='bbox 258 2995 391 3028; x_wconf 87' lang='lat' dir='ltr'>Militum</span> <span class='ocrx_word' id='word_1_651' title='bbox 401 3017 410 3033; x_wconf 87' lang='lat'>,</span> <span class='ocrx_word' id='word_1_652' title='bbox 431 3005 497 3034; x_wconf 88' lang='lat' dir='ltr'>quas</span> <span class='ocrx_word' id='word_1_653' title='bbox 511 3004 630 3033; x_wconf 87' lang='lat' dir='ltr'>uterque</span> <span class='ocrx_word' id='word_1_654' title='bbox 643 2996 673 3025; x_wconf 90' lang='lat' dir='ltr'>in</span> <span class='ocrx_word' id='word_1_655' title='bbox 685 2996 730 3025; x_wconf 78' lang='lat' dir='ltr'>illa</span> <span class='ocrx_word' id='word_1_656' title='bbox 744 2995 936 3033; x_wconf 78' lang='lat' dir='ltr'>Expeditione</span> <span class='ocrx_word' id='word_1_657' title='bbox 952 2997 1093 3027; x_wconf 85' lang='lat' dir='ltr'>habuerit.</span> 
     </span>
    </p>

    <p class='ocr_par' dir='ltr' id='par_1_15' title="bbox 254 3033 1320 3228">
     <span class='ocr_line' id='line_1_81' title="bbox 291 3033 1316 3073; baseline 0.005 -9"><span class='ocrx_word' id='word_1_658' title='bbox 291 3043 318 3073; x_wconf 86' lang='lat'>7.</span> <span class='ocrx_word' id='word_1_659' title='bbox 341 3033 455 3064; x_wconf 91' lang='lat' dir='ltr'>Eodem</span> <span class='ocrx_word' id='word_1_660' title='bbox 471 3033 564 3064; x_wconf 87' lang='lat' dir='ltr'>inodo</span> <span class='ocrx_word' id='word_1_661' title='bbox 580 3043 634 3070; x_wconf 88' lang='lat' dir='ltr'>pro</span> <span class='ocrx_word' id='word_1_662' title='bbox 647 3044 770 3064; x_wconf 90' lang='lat' dir='ltr'>numero</span> <span class='ocrx_word' id='word_1_663' title='bbox 783 3036 815 3064; x_wconf 87' lang='lat'>&amp;</span> <span class='ocrx_word' id='word_1_664' title='bbox 826 3036 953 3073; x_wconf 75' lang='lat' dir='ltr'>quantite</span> <span class='ocrx_word' id='word_1_665' title='bbox 966 3034 1127 3072; x_wconf 89' lang='lat' dir='ltr'>Copiarum</span> <span class='ocrx_word' id='word_1_666' title='bbox 1140 3036 1174 3066; x_wconf 90' lang='lat'>&amp;</span> <span class='ocrx_word' id='word_1_667' title='bbox 1183 3036 1316 3069; x_wconf 90' lang='lat' dir='ltr'>Navium</span> 
     </span>
     <span class='ocr_line' id='line_1_82' title="bbox 255 3073 1319 3113; baseline 0.003 -9"><span class='ocrx_word' id='word_1_668' title='bbox 255 3073 400 3105; x_wconf 87' lang='lat' dir='ltr'>dividetur</span> <span class='ocrx_word' id='word_1_669' title='bbox 414 3073 508 3102; x_wconf 85' lang='lat' dir='ltr'>omnis</span> <span class='ocrx_word' id='word_1_670' title='bbox 525 3074 610 3109; x_wconf 84' lang='lat' dir='ltr'>preda</span> <span class='ocrx_word' id='word_1_671' title='bbox 623 3081 716 3109; x_wconf 84' lang='lat' dir='ltr'>parta,</span> <span class='ocrx_word' id='word_1_672' title='bbox 734 3081 793 3102; x_wconf 87' lang='lat' dir='ltr'>tam</span> <span class='ocrx_word' id='word_1_673' title='bbox 809 3073 890 3110; x_wconf 87' lang='lat' dir='ltr'>super</span> <span class='ocrx_word' id='word_1_674' title='bbox 902 3074 1024 3103; x_wconf 84' lang='lat' dir='ltr'>Terram</span> <span class='ocrx_word' id='word_1_675' title='bbox 1040 3083 1129 3110; x_wconf 90' lang='lat' dir='ltr'>quam</span> <span class='ocrx_word' id='word_1_676' title='bbox 1149 3075 1228 3113; x_wconf 86' lang='lat' dir='ltr'>super</span> <span class='ocrx_word' id='word_1_677' title='bbox 1250 3076 1319 3107; x_wconf 89' lang='lat' dir='ltr'>Ma-</span> 
     </span>
     <span class='ocr_line' id='line_1_83' title="bbox 254 3109 1319 3154; baseline 0.002 -11"><span class='ocrx_word' id='word_1_678' title='bbox 254 3122 286 3143; x_wconf 83' lang='lat' dir='ltr'>re</span> <span class='ocrx_word' id='word_1_679' title='bbox 301 3113 331 3142; x_wconf 91' lang='lat' dir='ltr'>in</span> <span class='ocrx_word' id='word_1_680' title='bbox 347 3109 451 3142; x_wconf 89' lang='lat' dir='ltr'>eodem</span> <span class='ocrx_word' id='word_1_681' title='bbox 466 3110 564 3148; x_wconf 85' lang='lat' dir='ltr'>Bello,</span> <span class='ocrx_word' id='word_1_682' title='bbox 584 3120 639 3147; x_wconf 90' lang='lat' dir='ltr'>que</span> <span class='ocrx_word' id='word_1_683' title='bbox 653 3111 727 3140; x_wconf 88' lang='lat' dir='ltr'>inter</span> <span class='ocrx_word' id='word_1_684' title='bbox 739 3110 820 3141; x_wconf 88' lang='lat' dir='ltr'>Bona</span> <span class='ocrx_word' id='word_1_685' title='bbox 829 3111 955 3141; x_wconf 90' lang='lat' dir='ltr'>Mobilia</span> <span class='ocrx_word' id='word_1_686' title='bbox 964 3113 1125 3149; x_wconf 88' lang='lat' dir='ltr'>computari</span> <span class='ocrx_word' id='word_1_687' title='bbox 1140 3114 1244 3154; x_wconf 87' lang='lat' dir='ltr'>potest,</span> <span class='ocrx_word' id='word_1_688' title='bbox 1254 3117 1319 3145; x_wconf 90' lang='lat' dir='ltr'>ubi-</span> 
     </span>
     <span class='ocr_line' id='line_1_84' title="bbox 258 3148 1320 3191; baseline 0.003 -9"><span class='ocrx_word' id='word_1_689' title='bbox 258 3160 374 3191; x_wconf 88' lang='lat' dir='ltr'>cunque</span> <span class='ocrx_word' id='word_1_690' title='bbox 386 3149 462 3180; x_wconf 88' lang='lat' dir='ltr'>hosti</span> <span class='ocrx_word' id='word_1_691' title='bbox 475 3158 571 3187; x_wconf 86' lang='lat' dir='ltr'>erepta</span> <span class='ocrx_word' id='word_1_692' title='bbox 587 3149 635 3185; x_wconf 85' lang='lat' dir='ltr'>fit,</span> <span class='ocrx_word' id='word_1_693' title='bbox 651 3148 706 3179; x_wconf 86' lang='lat' dir='ltr'>sive</span> <span class='ocrx_word' id='word_1_694' title='bbox 726 3149 801 3180; x_wconf 88' lang='lat' dir='ltr'>intra</span> <span class='ocrx_word' id='word_1_695' title='bbox 823 3150 880 3180; x_wconf 90' lang='lat' dir='ltr'>five</span> <span class='ocrx_word' id='word_1_696' title='bbox 901 3159 978 3181; x_wconf 64' lang='lat' dir='ltr'>eritra</span> <span class='ocrx_word' id='word_1_697' title='bbox 992 3151 1148 3182; x_wconf 86' lang='lat' dir='ltr'>Territoria</span> <span class='ocrx_word' id='word_1_698' title='bbox 1170 3151 1320 3186; x_wconf 80' lang='lat' dir='ltr'>Consede-</span> 
     </span>
     <span class='ocr_line' id='line_1_85' title="bbox 258 3187 737 3228; baseline -0.008 -7"><span class='ocrx_word' id='word_1_699' title='bbox 258 3197 387 3222; x_wconf 78' lang='lat' dir='ltr'>satorum</span> <span class='ocrx_word' id='word_1_700' title='bbox 403 3187 517 3228; x_wconf 84' lang='lat' dir='ltr'>Regum</span> <span class='ocrx_word' id='word_1_701' title='bbox 533 3188 737 3225; x_wconf 68' lang='lat' dir='ltr'>predictorum.</span> 
     </span>
    </p>

    <p class='ocr_par' dir='ltr' id='par_1_16' title="bbox 257 3226 1319 3462">
     <span class='ocr_line' id='line_1_86' title="bbox 263 3226 1319 3268; baseline 0.004 -10"><span class='ocrx_word' id='word_1_702' title='bbox 263 3262 265 3265; x_wconf 16' lang='grc' dir='ltr'><em>Α</em></span> <span class='ocrx_word' id='word_1_703' title='bbox 295 3229 323 3259; x_wconf 87' lang='lat'>8.</span> <span class='ocrx_word' id='word_1_704' title='bbox 343 3227 549 3265; x_wconf 87' lang='lat' dir='ltr'>Conventum,</span> <span class='ocrx_word' id='word_1_705' title='bbox 568 3226 779 3257; x_wconf 81' lang='lat' dir='ltr'>concordatum</span> <span class='ocrx_word' id='word_1_706' title='bbox 793 3226 827 3258; x_wconf 88' lang='lat'>&amp;</span> <span class='ocrx_word' id='word_1_707' title='bbox 842 3226 1010 3258; x_wconf 88' lang='lat' dir='ltr'>conclusum</span> <span class='ocrx_word' id='word_1_708' title='bbox 1024 3226 1082 3266; x_wconf 86' lang='lat' dir='ltr'>est,</span> <span class='ocrx_word' id='word_1_709' title='bbox 1097 3229 1174 3267; x_wconf 88' lang='lat' dir='ltr'>quod</span> <span class='ocrx_word' id='word_1_710' title='bbox 1196 3231 1319 3268; x_wconf 87' lang='lat' dir='ltr'>quoties-</span> 
     </span>
     <span class='ocr_line' id='line_1_87' title="bbox 257 3264 1316 3305; baseline 0.004 -8"><span class='ocrx_word' id='word_1_711' title='bbox 257 3275 375 3305; x_wconf 86' lang='lat' dir='ltr'>cunque</span> <span class='ocrx_word' id='word_1_712' title='bbox 391 3267 531 3305; x_wconf 88' lang='lat' dir='ltr'>majorem</span> <span class='ocrx_word' id='word_1_713' title='bbox 550 3265 677 3296; x_wconf 90' lang='lat' dir='ltr'>Militum</span> <span class='ocrx_word' id='word_1_714' title='bbox 693 3266 737 3295; x_wconf 90' lang='lat' dir='ltr'>seu</span> <span class='ocrx_word' id='word_1_715' title='bbox 756 3264 891 3297; x_wconf 86' lang='lat' dir='ltr'>Navium</span> <span class='ocrx_word' id='word_1_716' title='bbox 911 3276 1082 3305; x_wconf 87' lang='lat' dir='ltr'>numerum,</span> <span class='ocrx_word' id='word_1_717' title='bbox 1098 3268 1144 3298; x_wconf 90' lang='lat' dir='ltr'>vel</span> <span class='ocrx_word' id='word_1_718' title='bbox 1163 3268 1316 3301; x_wconf 72' lang='lat' dir='ltr'>subsidium</span> 
     </span>
     <span class='ocr_line' id='line_1_88' title="bbox 257 3304 1317 3345; baseline 0.003 -8"><span class='ocrx_word' id='word_1_719' title='bbox 257 3306 446 3345; x_wconf 82' lang='lat' dir='ltr'>pecuniarum</span> <span class='ocrx_word' id='word_1_720' title='bbox 462 3306 490 3335; x_wconf 89' lang='lat' dir='ltr'>in</span> <span class='ocrx_word' id='word_1_721' title='bbox 505 3305 612 3336; x_wconf 79' lang='lat' dir='ltr'>casibus</span> <span class='ocrx_word' id='word_1_722' title='bbox 625 3305 756 3342; x_wconf 60' lang='lat' dir='ltr'>predistis</span> <span class='ocrx_word' id='word_1_723' title='bbox 770 3314 840 3342; x_wconf 87' lang='lat' dir='ltr'>pure</span> <span class='ocrx_word' id='word_1_724' title='bbox 856 3304 1057 3343; x_wconf 85' lang='lat' dir='ltr'>Defensionis,</span> <span class='ocrx_word' id='word_1_725' title='bbox 1073 3305 1204 3337; x_wconf 84' lang='lat' dir='ltr'>alteruter</span> <span class='ocrx_word' id='word_1_726' title='bbox 1219 3308 1317 3340; x_wconf 64' lang='lat' dir='ltr'>dieto-</span> 
     </span>
     <span class='ocr_line' id='line_1_89' title="bbox 259 3343 1318 3385; baseline 0.004 -10"><span class='ocrx_word' id='word_1_727' title='bbox 259 3352 326 3375; x_wconf 84' lang='lat' dir='ltr'>rum</span> <span class='ocrx_word' id='word_1_728' title='bbox 343 3343 462 3381; x_wconf 81' lang='lat' dir='ltr'>Regum</span> <span class='ocrx_word' id='word_1_729' title='bbox 477 3343 512 3374; x_wconf 86' lang='lat' dir='ltr'>ab</span> <span class='ocrx_word' id='word_1_730' title='bbox 527 3344 616 3374; x_wconf 87' lang='lat' dir='ltr'>altero</span> <span class='ocrx_word' id='word_1_731' title='bbox 631 3343 832 3382; x_wconf 84' lang='lat' dir='ltr'>postulaverit,</span> <span class='ocrx_word' id='word_1_732' title='bbox 848 3343 939 3374; x_wconf 89' lang='lat' dir='ltr'>modo</span> <span class='ocrx_word' id='word_1_733' title='bbox 954 3345 987 3375; x_wconf 65' lang='grc' dir='ltr'>ὅς</span> <span class='ocrx_word' id='word_1_734' title='bbox 1003 3345 1098 3375; x_wconf 88' lang='lat' dir='ltr'>forma</span> <span class='ocrx_word' id='word_1_735' title='bbox 1117 3346 1254 3385; x_wconf 82' lang='lat' dir='ltr'>premissis</span> <span class='ocrx_word' id='word_1_736' title='bbox 1274 3357 1318 3379; x_wconf 90' lang='lat' dir='ltr'>te-</span> 
     </span>
     <span class='ocr_line' id='line_1_90' title="bbox 261 3381 1316 3424; baseline 0.003 -9"><span class='ocrx_word' id='word_1_737' title='bbox 261 3384 380 3415; x_wconf 88' lang='lat' dir='ltr'>nebitur</span> <span class='ocrx_word' id='word_1_738' title='bbox 396 3383 418 3412; x_wconf 88' lang='lat' dir='ltr'>is</span> <span class='ocrx_word' id='word_1_739' title='bbox 433 3381 499 3412; x_wconf 92' lang='lat' dir='ltr'>illud</span> <span class='ocrx_word' id='word_1_740' title='bbox 513 3382 633 3419; x_wconf 86' lang='lat' dir='ltr'>prestare</span> <span class='ocrx_word' id='word_1_741' title='bbox 641 3390 779 3421; x_wconf 87' lang='lat' dir='ltr'>quantum</span> <span class='ocrx_word' id='word_1_742' title='bbox 793 3381 886 3413; x_wconf 86' lang='lat' dir='ltr'>facere</span> <span class='ocrx_word' id='word_1_743' title='bbox 900 3383 981 3420; x_wconf 83' lang='lat' dir='ltr'>possit</span> <span class='ocrx_word' id='word_1_744' title='bbox 1001 3382 1109 3421; x_wconf 66' lang='lat' dir='ltr'>(habita</span> <span class='ocrx_word' id='word_1_745' title='bbox 1125 3394 1186 3415; x_wconf 90' lang='lat' dir='ltr'>tum</span> <span class='ocrx_word' id='word_1_746' title='bbox 1201 3394 1316 3424; x_wconf 85' lang='lat' dir='ltr'>tempo-</span> 
     </span>
     <span class='ocr_line' id='line_1_91' title="bbox 263 3420 1316 3462; baseline 0.005 -10"><span class='ocrx_word' id='word_1_747' title='bbox 263 3423 330 3453; x_wconf 78' lang='lat' dir='ltr'>rum</span> <span class='ocrx_word' id='word_1_748' title='bbox 348 3430 411 3452; x_wconf 91' lang='lat' dir='ltr'>tum</span> <span class='ocrx_word' id='word_1_749' title='bbox 427 3420 530 3452; x_wconf 88' lang='lat' dir='ltr'>loci&amp;</span> <span class='ocrx_word' id='word_1_750' title='bbox 545 3421 632 3452; x_wconf 85' lang='lat' dir='ltr'>status</span> <span class='ocrx_word' id='word_1_751' title='bbox 644 3431 740 3452; x_wconf 88' lang='lat' dir='ltr'>rerum</span> <span class='ocrx_word' id='word_1_752' title='bbox 749 3420 859 3452; x_wconf 87' lang='lat' dir='ltr'>suarum</span> <span class='ocrx_word' id='word_1_753' title='bbox 874 3423 993 3460; x_wconf 90' lang='lat' dir='ltr'>ratione)</span> <span class='ocrx_word' id='word_1_754' title='bbox 1012 3433 1065 3462; x_wconf 90' lang='lat' dir='ltr'>qua</span> <span class='ocrx_word' id='word_1_755' title='bbox 1079 3423 1107 3452; x_wconf 95' lang='lat' dir='ltr'>in</span> <span class='ocrx_word' id='word_1_756' title='bbox 1123 3433 1150 3453; x_wconf 91' lang='lat' dir='ltr'>re</span> <span class='ocrx_word' id='word_1_757' title='bbox 1167 3424 1316 3462; x_wconf 88' lang='lat' dir='ltr'>ipsiusRe-</span> 
     </span>
    </p>

    <p class='ocr_par' dir='ltr' id='par_1_17' title="bbox 257 3459 1317 3616">
     <span class='ocr_line' id='line_1_92' title="bbox 282 3459 1316 3499; baseline 0.006 -9"><span class='ocrx_word' id='word_1_758' title='bbox 282 3463 304 3492; x_wconf 86' lang='lat' dir='ltr'>is</span> <span class='ocrx_word' id='word_1_759' title='bbox 324 3459 470 3493; x_wconf 82' lang='lat' dir='ltr'>Auxilium</span> <span class='ocrx_word' id='word_1_760' title='bbox 486 3459 600 3490; x_wconf 88' lang='lat' dir='ltr'>ferentis</span> <span class='ocrx_word' id='word_1_761' title='bbox 618 3460 780 3490; x_wconf 88' lang='lat' dir='ltr'>onerabitur</span> <span class='ocrx_word' id='word_1_762' title='bbox 795 3461 987 3499; x_wconf 85' lang='lat' dir='ltr'>conscientia,</span> <span class='ocrx_word' id='word_1_763' title='bbox 1013 3463 1053 3492; x_wconf 85' lang='lat' dir='ltr'>ita</span> <span class='ocrx_word' id='word_1_764' title='bbox 1075 3471 1171 3493; x_wconf 85' lang='lat' dir='ltr'>tamen</span> <span class='ocrx_word' id='word_1_765' title='bbox 1189 3472 1221 3495; x_wconf 88' lang='lat' dir='ltr'>ut</span> <span class='ocrx_word' id='word_1_766' title='bbox 1244 3465 1316 3497; x_wconf 91' lang='lat' dir='ltr'>infra</span> 
     </span>
     <span class='ocr_line' id='line_1_93' title="bbox 261 3469 1317 3538; baseline 0.006 -8"><span class='ocrx_word' id='word_1_767' title='bbox 261 3469 334 3530; x_wconf 55' lang='lat' dir='ltr'>{uos</span> <span class='ocrx_word' id='word_1_768' title='bbox 353 3508 443 3530; x_wconf 89' lang='lat' dir='ltr'>annos</span> <span class='ocrx_word' id='word_1_769' title='bbox 460 3497 526 3535; x_wconf 91' lang='lat' dir='ltr'>post</span> <span class='ocrx_word' id='word_1_770' title='bbox 540 3496 654 3530; x_wconf 87' lang='lat' dir='ltr'>finitum</span> <span class='ocrx_word' id='word_1_771' title='bbox 677 3498 804 3537; x_wconf 88' lang='lat' dir='ltr'>Bellum,</span> <span class='ocrx_word' id='word_1_772' title='bbox 822 3498 951 3538; x_wconf 86' lang='lat' dir='ltr'>sumptus</span> <span class='ocrx_word' id='word_1_773' title='bbox 973 3502 1000 3531; x_wconf 89' lang='lat' dir='ltr'>in</span> <span class='ocrx_word' id='word_1_774' title='bbox 1024 3501 1077 3530; x_wconf 89' lang='lat' dir='ltr'>hec</span> <span class='ocrx_word' id='word_1_775' title='bbox 1098 3502 1317 3536; x_wconf 82' lang='lat' dir='ltr'>extraordinaria</span> 
     </span>
     <span class='ocr_line' id='line_1_94' title="bbox 260 3535 1316 3579; baseline 0.005 -10"><span class='ocrx_word' id='word_1_776' title='bbox 260 3538 360 3569; x_wconf 83' lang='lat' dir='ltr'>auxilia</span> <span class='ocrx_word' id='word_1_777' title='bbox 374 3537 441 3568; x_wconf 67' lang='lat' dir='ltr'>facti</span> <span class='ocrx_word' id='word_1_778' title='bbox 451 3560 461 3576; x_wconf 79' lang='lat'>,</span> <span class='ocrx_word' id='word_1_779' title='bbox 477 3545 524 3567; x_wconf 88' lang='lat' dir='ltr'>aut</span> <span class='ocrx_word' id='word_1_780' title='bbox 540 3535 667 3568; x_wconf 87' lang='lat' dir='ltr'>Pecunie</span> <span class='ocrx_word' id='word_1_781' title='bbox 681 3546 785 3568; x_wconf 87' lang='lat' dir='ltr'>mutuo</span> <span class='ocrx_word' id='word_1_782' title='bbox 799 3538 862 3569; x_wconf 86' lang='lat' dir='ltr'>date</span> <span class='ocrx_word' id='word_1_783' title='bbox 877 3539 1062 3571; x_wconf 87' lang='lat' dir='ltr'>refundantur</span> <span class='ocrx_word' id='word_1_784' title='bbox 1078 3540 1134 3578; x_wconf 94' lang='lat' dir='ltr'>illi,</span> <span class='ocrx_word' id='word_1_785' title='bbox 1153 3542 1201 3579; x_wconf 89' lang='lat' dir='ltr'>qui</span> <span class='ocrx_word' id='word_1_786' title='bbox 1222 3552 1254 3572; x_wconf 86' lang='lat' dir='ltr'>ea</span> <span class='ocrx_word' id='word_1_787' title='bbox 1271 3552 1316 3574; x_wconf 71' lang='lat' dir='ltr'>tu-</span> 
     </span>
     <span class='ocr_line' id='line_1_95' title="bbox 257 3574 907 3616; baseline 0 -8"><span class='ocrx_word' id='word_1_788' title='bbox 257 3578 308 3616; x_wconf 87' lang='lat' dir='ltr'>lit,</span> <span class='ocrx_word' id='word_1_789' title='bbox 325 3576 371 3608; x_wconf 85' lang='lat' dir='ltr'>vel</span> <span class='ocrx_word' id='word_1_790' title='bbox 387 3585 491 3607; x_wconf 91' lang='lat' dir='ltr'>mutuo</span> <span class='ocrx_word' id='word_1_791' title='bbox 503 3574 580 3606; x_wconf 88' lang='lat' dir='ltr'>dedit</span> <span class='ocrx_word' id='word_1_792' title='bbox 594 3585 643 3613; x_wconf 87' lang='lat' dir='ltr'>per</span> <span class='ocrx_word' id='word_1_793' title='bbox 657 3575 736 3606; x_wconf 87' lang='lat' dir='ltr'>illum</span> <span class='ocrx_word' id='word_1_794' title='bbox 753 3577 804 3615; x_wconf 86' lang='lat' dir='ltr'>qui</span> <span class='ocrx_word' id='word_1_795' title='bbox 817 3579 907 3616; x_wconf 89' lang='lat' dir='ltr'>petiit.</span> 
     </span>
    </p>

    <p class='ocr_par' dir='ltr' id='par_1_18' title="bbox 305 3614 1316 3656">
     <span class='ocr_line' id='line_1_96' title="bbox 305 3614 1316 3656; baseline 0.008 -12"><span class='ocrx_word' id='word_1_796' title='bbox 305 3618 321 3634; x_wconf 76' lang='lat'>²*</span> <span class='ocrx_word' id='word_1_797' title='bbox 363 3637 369 3644; x_wconf 87' lang='lat'>.</span> <span class='ocrx_word' id='word_1_798' title='bbox 388 3614 812 3650; x_wconf 87' lang='lat' dir='ltr'>Conventem,concordatum</span> <span class='ocrx_word' id='word_1_799' title='bbox 823 3616 1035 3648; x_wconf 87' lang='lat' dir='ltr'>&amp;conclusum</span> <span class='ocrx_word' id='word_1_800' title='bbox 1043 3616 1102 3655; x_wconf 89' lang='lat' dir='ltr'>est,</span> <span class='ocrx_word' id='word_1_801' title='bbox 1120 3618 1196 3656; x_wconf 90' lang='lat' dir='ltr'>quod</span> <span class='ocrx_word' id='word_1_802' title='bbox 1211 3620 1240 3649; x_wconf 88' lang='lat' dir='ltr'>in</span> <span class='ocrx_word' id='word_1_803' title='bbox 1251 3621 1316 3653; x_wconf 90' lang='lat' dir='ltr'>casu</span> 
     </span>
    </p>

    <p class='ocr_par' dir='ltr' id='par_1_19' title="bbox 276 3625 1313 3698">
     <span class='ocr_line' id='line_1_97' title="bbox 276 3625 1313 3698; baseline 0.005 -13"><span class='ocrx_word' id='word_1_804' title='bbox 276 3665 316 3688; x_wconf 92' lang='lat' dir='ltr'>uo</span> <span class='ocrx_word' id='word_1_805' title='bbox 331 3625 558 3684; x_wconf 55' lang='lat' dir='ltr'>gxtraordinaria</span> <span class='ocrx_word' id='word_1_806' title='bbox 571 3651 734 3691; x_wconf 86' lang='lat' dir='ltr'>hujusmodi</span> <span class='ocrx_word' id='word_1_807' title='bbox 750 3654 860 3684; x_wconf 80' lang='lat' dir='ltr'>Auxilia</span> <span class='ocrx_word' id='word_1_808' title='bbox 876 3655 927 3686; x_wconf 84' lang='lat' dir='ltr'>lata</span> <span class='ocrx_word' id='word_1_809' title='bbox 934 3657 1055 3694; x_wconf 88' lang='lat' dir='ltr'>fuerint,</span> <span class='ocrx_word' id='word_1_810' title='bbox 1076 3657 1153 3695; x_wconf 85' lang='lat' dir='ltr'>quod</span> <span class='ocrx_word' id='word_1_811' title='bbox 1169 3665 1232 3688; x_wconf 89' lang='lat' dir='ltr'>tum</span> <span class='ocrx_word' id='word_1_812' title='bbox 1243 3669 1313 3698; x_wconf 67' lang='lat' dir='ltr'>prze-</span> 
     </span>
    </p>

    <p class='ocr_par' dir='ltr' id='par_1_20' title="bbox 281 3691 1316 3737">
     <span class='ocr_line' id='line_1_98' title="bbox 281 3691 1316 3737; baseline 0.004 -14"><span class='ocrx_word' id='word_1_813' title='bbox 281 3706 297 3726; x_wconf 86' lang='lat' dir='ltr'>a</span> <span class='ocrx_word' id='word_1_814' title='bbox 314 3694 343 3723; x_wconf 89' lang='lat' dir='ltr'>in</span> <span class='ocrx_word' id='word_1_815' title='bbox 361 3691 439 3722; x_wconf 89' lang='lat' dir='ltr'>Mari</span> <span class='ocrx_word' id='word_1_816' title='bbox 457 3699 551 3730; x_wconf 80' lang='lat' dir='ltr'>parta,</span> <span class='ocrx_word' id='word_1_817' title='bbox 569 3701 601 3721; x_wconf 87' lang='lat' dir='ltr'>ea</span> <span class='ocrx_word' id='word_1_818' title='bbox 627 3691 736 3734; x_wconf 82' lang='lat' dir='ltr'>ratione</span> <span class='ocrx_word' id='word_1_819' title='bbox 760 3692 916 3732; x_wconf 82' lang='lat' dir='ltr'>dividetur,</span> <span class='ocrx_word' id='word_1_820' title='bbox 935 3704 966 3725; x_wconf 89' lang='lat' dir='ltr'>ut</span> <span class='ocrx_word' id='word_1_821' title='bbox 985 3696 1202 3732; x_wconf 85' lang='lat' dir='ltr'>computatione</span> <span class='ocrx_word' id='word_1_822' title='bbox 1225 3697 1316 3737; x_wconf 69' lang='lat' dir='ltr'>facta,</span> 
     </span>
    </p>

    <p class='ocr_par' dir='ltr' id='par_1_21' title="bbox 259 3730 1317 3918">
     <span class='ocr_line' id='line_1_99' title="bbox 279 3730 1316 3772; baseline 0.006 -11"><span class='ocrx_word' id='word_1_823' title='bbox 279 3739 398 3766; x_wconf 85' lang='lat' dir='ltr'>uantum</span> <span class='ocrx_word' id='word_1_824' title='bbox 413 3731 515 3768; x_wconf 85' lang='lat' dir='ltr'>cuique</span> <span class='ocrx_word' id='word_1_825' title='bbox 531 3730 596 3759; x_wconf 87' lang='lat' dir='ltr'>navi</span> <span class='ocrx_word' id='word_1_826' title='bbox 612 3730 765 3772; x_wconf 76' lang='lat' dir='ltr'>obtingere</span> <span class='ocrx_word' id='word_1_827' title='bbox 779 3731 861 3767; x_wconf 77' lang='lat' dir='ltr'>poffit</span> <span class='ocrx_word' id='word_1_828' title='bbox 872 3755 880 3767; x_wconf 83' lang='lat'>,</span> <span class='ocrx_word' id='word_1_829' title='bbox 898 3733 916 3762; x_wconf 81' lang='lat' dir='ltr'>fi</span> <span class='ocrx_word' id='word_1_830' title='bbox 934 3735 1065 3772; x_wconf 84' lang='lat' dir='ltr'>equaliter</span> <span class='ocrx_word' id='word_1_831' title='bbox 1078 3734 1316 3767; x_wconf 81' lang='lat' dir='ltr'>Praedadividen-</span> 
     </span>
     <span class='ocr_line' id='line_1_100' title="bbox 259 3745 1317 3812; baseline 0.006 -12"><span class='ocrx_word' id='word_1_832' title='bbox 259 3745 298 3803; x_wconf 57' lang='lat' dir='ltr'>ga</span> <span class='ocrx_word' id='word_1_833' title='bbox 310 3770 378 3801; x_wconf 75' lang='lat' dir='ltr'>eflet</span> <span class='ocrx_word' id='word_1_834' title='bbox 391 3793 400 3808; x_wconf 90' lang='lat'>,</span> <span class='ocrx_word' id='word_1_835' title='bbox 417 3769 488 3799; x_wconf 68' lang='lat' dir='ltr'>osto</span> <span class='ocrx_word' id='word_1_836' title='bbox 506 3768 606 3798; x_wconf 89' lang='lat' dir='ltr'>Naves</span> <span class='ocrx_word' id='word_1_837' title='bbox 628 3767 762 3797; x_wconf 81' lang='lat' dir='ltr'>ordinarii</span> <span class='ocrx_word' id='word_1_838' title='bbox 775 3770 871 3812; x_wconf 79' lang='lat' dir='ltr'>auxilii</span> <span class='ocrx_word' id='word_1_839' title='bbox 891 3770 946 3801; x_wconf 85' lang='lat' dir='ltr'>suas</span> <span class='ocrx_word' id='word_1_840' title='bbox 965 3773 1075 3811; x_wconf 85' lang='lat' dir='ltr'>Quoras</span> <span class='ocrx_word' id='word_1_841' title='bbox 1097 3774 1216 3812; x_wconf 83' lang='lat' dir='ltr'>integras</span> <span class='ocrx_word' id='word_1_842' title='bbox 1238 3778 1317 3807; x_wconf 85' lang='lat' dir='ltr'>acci-</span> 
     </span>
     <span class='ocr_line' id='line_1_101' title="bbox 261 3805 1317 3851; baseline 0.003 -10"><span class='ocrx_word' id='word_1_843' title='bbox 261 3812 358 3851; x_wconf 79' lang='lat' dir='ltr'>piant,</span> <span class='ocrx_word' id='word_1_844' title='bbox 375 3809 411 3838; x_wconf 90' lang='lat' dir='ltr'>de</span> <span class='ocrx_word' id='word_1_845' title='bbox 426 3818 457 3838; x_wconf 87' lang='lat' dir='ltr'>ea</span> <span class='ocrx_word' id='word_1_846' title='bbox 472 3817 542 3838; x_wconf 92' lang='lat' dir='ltr'>vero</span> <span class='ocrx_word' id='word_1_847' title='bbox 559 3815 635 3844; x_wconf 87' lang='lat' dir='ltr'>parte</span> <span class='ocrx_word' id='word_1_848' title='bbox 650 3815 713 3843; x_wconf 60' lang='lat' dir='ltr'>quse</span> <span class='ocrx_word' id='word_1_849' title='bbox 727 3805 862 3837; x_wconf 78' lang='lat' dir='ltr'>Navibus</span> <span class='ocrx_word' id='word_1_850' title='bbox 878 3811 1091 3841; x_wconf 82' lang='lat' dir='ltr'>extraordinarii</span> <span class='ocrx_word' id='word_1_851' title='bbox 1111 3813 1205 3842; x_wconf 77' lang='lat' dir='ltr'>auxilii</span> <span class='ocrx_word' id='word_1_852' title='bbox 1217 3815 1317 3845; x_wconf 89' lang='lat' dir='ltr'>obtin-</span> 
     </span>
     <span class='ocr_line' id='line_1_102' title="bbox 263 3844 1317 3912; baseline 0.008 -37"><span class='ocrx_word' id='word_1_853' title='bbox 263 3857 330 3889; x_wconf 85' lang='lat' dir='ltr'>gere</span> <span class='ocrx_word' id='word_1_854' title='bbox 341 3846 496 3912; x_wconf 47' lang='lat' dir='ltr'>ctljebuisset,</span> <span class='ocrx_word' id='word_1_855' title='bbox 514 3847 595 3876; x_wconf 89' lang='lat' dir='ltr'>tertia</span> <span class='ocrx_word' id='word_1_856' title='bbox 606 3855 666 3883; x_wconf 81' lang='lat' dir='ltr'>pars</span> <span class='ocrx_word' id='word_1_857' title='bbox 678 3844 831 3875; x_wconf 83' lang='lat' dir='ltr'>defalcetur</span> <span class='ocrx_word' id='word_1_858' title='bbox 845 3846 879 3876; x_wconf 89' lang='lat'>&amp;</span> <span class='ocrx_word' id='word_1_859' title='bbox 895 3849 922 3877; x_wconf 86' lang='lat' dir='ltr'>ei</span> <span class='ocrx_word' id='word_1_860' title='bbox 938 3848 1014 3887; x_wconf 80' lang='lat' dir='ltr'>Regi</span> <span class='ocrx_word' id='word_1_861' title='bbox 1031 3850 1113 3880; x_wconf 90' lang='lat' dir='ltr'>detur</span> <span class='ocrx_word' id='word_1_862' title='bbox 1127 3852 1176 3889; x_wconf 88' lang='lat' dir='ltr'>qui</span> <span class='ocrx_word' id='word_1_863' title='bbox 1190 3851 1317 3893; x_wconf 82' lang='lat' dir='ltr'>sumptus</span> 
     </span>
     <span class='ocr_line' id='line_1_103' title="bbox 259 3887 395 3918; baseline -0.015 0"><span class='ocrx_word' id='word_1_864' title='bbox 259 3887 344 3918; x_wconf 88' lang='lat' dir='ltr'>refun</span> <span class='ocrx_word' id='word_1_865' title='bbox 365 3887 395 3914; x_wconf 87' lang='lat' dir='ltr'>it-</span> 
     </span>
    </p>

    <p class='ocr_par' dir='ltr' id='par_1_22' title="bbox 258 3922 1317 4143">
     <span class='ocr_line' id='line_1_104' title="bbox 301 3922 1317 3966; baseline 0.003 -12"><span class='ocrx_word' id='word_1_866' title='bbox 301 3934 347 3956; x_wconf 89' lang='lat'>10.</span> <span class='ocrx_word' id='word_1_867' title='bbox 367 3922 572 3961; x_wconf 89' lang='lat' dir='ltr'>Conventum,</span> <span class='ocrx_word' id='word_1_868' title='bbox 590 3923 799 3954; x_wconf 84' lang='lat' dir='ltr'>concordatum</span> <span class='ocrx_word' id='word_1_869' title='bbox 819 3924 852 3955; x_wconf 74' lang='grc' dir='ltr'>ἅτ</span> <span class='ocrx_word' id='word_1_870' title='bbox 871 3924 1038 3954; x_wconf 87' lang='lat' dir='ltr'>conclusum</span> <span class='ocrx_word' id='word_1_871' title='bbox 1058 3926 1099 3956; x_wconf 89' lang='lat' dir='ltr'>est</span> <span class='ocrx_word' id='word_1_872' title='bbox 1115 3947 1125 3965; x_wconf 79' lang='lat'>,</span> <span class='ocrx_word' id='word_1_873' title='bbox 1150 3929 1226 3966; x_wconf 86' lang='lat' dir='ltr'>quod</span> <span class='ocrx_word' id='word_1_874' title='bbox 1246 3940 1317 3962; x_wconf 83' lang='lat' dir='ltr'>cum</span> 
     </span>
     <span class='ocr_line' id='line_1_105' title="bbox 258 3961 1317 4004; baseline 0.006 -11"><span class='ocrx_word' id='word_1_875' title='bbox 258 3962 419 4000; x_wconf 88' lang='lat' dir='ltr'>hujusmodi</span> <span class='ocrx_word' id='word_1_876' title='bbox 430 3961 589 4000; x_wconf 84' lang='lat' dir='ltr'>Hostibus,</span> <span class='ocrx_word' id='word_1_877' title='bbox 608 3971 711 3992; x_wconf 88' lang='lat' dir='ltr'>contra</span> <span class='ocrx_word' id='word_1_878' title='bbox 729 3971 815 4000; x_wconf 86' lang='lat' dir='ltr'>quem</span> <span class='ocrx_word' id='word_1_879' title='bbox 834 3964 945 4000; x_wconf 87' lang='lat' dir='ltr'>utrique</span> <span class='ocrx_word' id='word_1_880' title='bbox 960 3963 1055 4002; x_wconf 86' lang='lat' dir='ltr'>Reges</span> <span class='ocrx_word' id='word_1_881' title='bbox 1068 3965 1203 4004; x_wconf 68' lang='lat' dir='ltr'>predidti,</span> <span class='ocrx_word' id='word_1_882' title='bbox 1225 3970 1317 3999; x_wconf 85' lang='lat' dir='ltr'>modo</span> 
     </span>
     <span class='ocr_line' id='line_1_106' title="bbox 260 3999 1317 4040; baseline 0.007 -10"><span class='ocrx_word' id='word_1_883' title='bbox 260 4000 391 4040; x_wconf 62' lang='lat' dir='ltr'>predicto</span> <span class='ocrx_word' id='word_1_884' title='bbox 411 3999 502 4029; x_wconf 89' lang='lat' dir='ltr'>Arma</span> <span class='ocrx_word' id='word_1_885' title='bbox 518 4001 664 4038; x_wconf 86' lang='lat' dir='ltr'>ceperint,</span> <span class='ocrx_word' id='word_1_886' title='bbox 681 4009 780 4030; x_wconf 85' lang='lat' dir='ltr'>neuter</span> <span class='ocrx_word' id='word_1_887' title='bbox 795 4000 916 4038; x_wconf 80' lang='lat' dir='ltr'>Regum</span> <span class='ocrx_word' id='word_1_888' title='bbox 933 4002 1057 4040; x_wconf 85' lang='lat' dir='ltr'>Pacem,</span> <span class='ocrx_word' id='word_1_889' title='bbox 1075 4003 1317 4037; x_wconf 88' lang='lat' dir='ltr'>Conventionem</span> 
     </span>
     <span class='ocr_line' id='line_1_107' title="bbox 260 4037 1301 4082; baseline 0.005 -11"><span class='ocrx_word' id='word_1_890' title='bbox 260 4048 308 4072; x_wconf 92' lang='lat' dir='ltr'>aut</span> <span class='ocrx_word' id='word_1_891' title='bbox 326 4037 545 4069; x_wconf 60' lang='lat' dir='ltr'>transactionem</span> <span class='ocrx_word' id='word_1_892' title='bbox 564 4038 664 4074; x_wconf 83' lang='lat' dir='ltr'>inibit,</span> <span class='ocrx_word' id='word_1_893' title='bbox 683 4039 733 4068; x_wconf 89' lang='lat' dir='ltr'>nisi</span> <span class='ocrx_word' id='word_1_894' title='bbox 752 4039 781 4068; x_wconf 91' lang='lat' dir='ltr'>in</span> <span class='ocrx_word' id='word_1_895' title='bbox 799 4048 830 4068; x_wconf 88' lang='lat' dir='ltr'>ea</span> <span class='ocrx_word' id='word_1_896' title='bbox 850 4041 918 4070; x_wconf 85' lang='lat' dir='ltr'>alter</span> <span class='ocrx_word' id='word_1_897' title='bbox 937 4041 1020 4070; x_wconf 84' lang='lat' dir='ltr'>etiam</span> <span class='ocrx_word' id='word_1_898' title='bbox 1039 4042 1166 4079; x_wconf 64' lang='lat' dir='ltr'>perfeCh}</span> <span class='ocrx_word' id='word_1_899' title='bbox 1181 4045 1301 4082; x_wconf 76' lang='lat' dir='ltr'>&amp;plene</span> 
     </span>
     <span class='ocr_line' id='line_1_108' title="bbox 261 4075 1076 4143; baseline -0.002 -32"><span class='ocrx_word' id='word_1_900' title='bbox 261 4075 536 4143; x_wconf 43' lang='lat' dir='ltr'>compi-ehendzff&#39;ur,</span> <span class='ocrx_word' id='word_1_901' title='bbox 555 4085 624 4106; x_wconf 91' lang='lat' dir='ltr'>cutn</span> <span class='ocrx_word' id='word_1_902' title='bbox 639 4077 804 4108; x_wconf 81' lang='lat' dir='ltr'>Provinciis</span> <span class='ocrx_word' id='word_1_903' title='bbox 818 4078 851 4108; x_wconf 85' lang='lat'>&amp;</span> <span class='ocrx_word' id='word_1_904' title='bbox 871 4079 997 4111; x_wconf 86' lang='lat' dir='ltr'>Subditis</span> <span class='ocrx_word' id='word_1_905' title='bbox 1014 4079 1076 4110; x_wconf 88' lang='lat' dir='ltr'>suis.</span> 
     </span>
    </p>

    <p class='ocr_par' dir='ltr' id='par_1_23' title="bbox 295 4116 560 4150">
     <span class='ocr_line' id='line_1_109' title="bbox 295 4116 560 4150; baseline -0.011 -3"><span class='ocrx_word' id='word_1_906' title='bbox 295 4120 370 4150; x_wconf 67' lang='lat' dir='ltr'>rom.</span> <span class='ocrx_word' id='word_1_907' title='bbox 386 4116 440 4144; x_wconf 77' lang='grc' dir='ltr'>ιΧ.</span> <span class='ocrx_word' id='word_1_908' title='bbox 492 4138 498 4142; x_wconf 78' lang='lat'><em>.</em></span> <span class='ocrx_word' id='word_1_909' title='bbox 518 4116 560 4144; x_wconf 81' lang='grc' dir='ltr'>ιι.</span> 
     </span>
    </p>
   </div>
   <div class='ocr_carea' id='block_1_8' title="bbox 1378 165 1856 219">
    <p class='ocr_par' dir='ltr' id='par_1_24' title="bbox 1378 165 1856 219">
     <span class='ocr_line' id='line_1_110' title="bbox 1378 165 1856 219; baseline 0.013 -7"><span class='ocrx_word' id='word_1_910' title='bbox 1378 165 1856 219; x_wconf 83' lang='lat' dir='ltr'>PUBLICA.</span> 
     </span>
    </p>
   </div>
   <div class='ocr_carea' id='block_1_9' title="bbox 1347 258 2429 3651">
    <p class='ocr_par' dir='ltr' id='par_1_25' title="bbox 1363 258 2429 567">
     <span class='ocr_line' id='line_1_111' title="bbox 1409 258 2429 303; baseline 0.008 -15"><span class='ocrx_word' id='word_1_911' title='bbox 1409 268 1453 288; x_wconf 88' lang='lat'>11.</span> <span class='ocrx_word' id='word_1_912' title='bbox 1474 258 1682 297; x_wconf 84' lang='lat' dir='ltr'>Conventum,</span> <span class='ocrx_word' id='word_1_913' title='bbox 1698 261 1908 292; x_wconf 88' lang='lat' dir='ltr'>concordatum</span> <span class='ocrx_word' id='word_1_914' title='bbox 1926 262 1959 293; x_wconf 65' lang='grc' dir='ltr'>ὃς</span> <span class='ocrx_word' id='word_1_915' title='bbox 1977 262 2146 293; x_wconf 88' lang='lat' dir='ltr'>conclusum</span> <span class='ocrx_word' id='word_1_916' title='bbox 2165 263 2223 301; x_wconf 88' lang='lat' dir='ltr'>est,</span> <span class='ocrx_word' id='word_1_917' title='bbox 2248 265 2324 303; x_wconf 88' lang='lat' dir='ltr'>quod</span> <span class='ocrx_word' id='word_1_918' title='bbox 2346 265 2363 295; x_wconf 91' lang='lat' dir='ltr'>si</span> <span class='ocrx_word' id='word_1_919' title='bbox 2384 266 2429 297; x_wconf 91' lang='lat' dir='ltr'>ille</span> 
     </span>
     <span class='ocr_line' id='line_1_112' title="bbox 1367 295 2427 339; baseline 0.007 -12"><span class='ocrx_word' id='word_1_920' title='bbox 1367 295 1433 327; x_wconf 78' lang='lat' dir='ltr'>Rex</span> <span class='ocrx_word' id='word_1_921' title='bbox 1453 300 1502 335; x_wconf 91' lang='lat' dir='ltr'>qui</span> <span class='ocrx_word' id='word_1_922' title='bbox 1523 300 1661 336; x_wconf 73' lang='lat' dir='ltr'>suppetias</span> <span class='ocrx_word' id='word_1_923' title='bbox 1681 300 1730 328; x_wconf 81' lang='lat' dir='ltr'>sibi</span> <span class='ocrx_word' id='word_1_924' title='bbox 1750 299 1814 329; x_wconf 88' lang='lat' dir='ltr'>ferri</span> <span class='ocrx_word' id='word_1_925' title='bbox 1835 299 1953 337; x_wconf 69' lang='lat' dir='ltr'>postulat</span> <span class='ocrx_word' id='word_1_926' title='bbox 1992 301 2099 331; x_wconf 71' lang='lat' dir='ltr'>Bellum</span> <span class='ocrx_word' id='word_1_927' title='bbox 2124 302 2266 339; x_wconf 74' lang='lat' dir='ltr'>intulerit,</span> <span class='ocrx_word' id='word_1_928' title='bbox 2282 311 2344 332; x_wconf 85' lang='lat' dir='ltr'>tum</span> <span class='ocrx_word' id='word_1_929' title='bbox 2358 305 2427 334; x_wconf 80' lang='lat' dir='ltr'>alte-</span> 
     </span>
     <span class='ocr_line' id='line_1_113' title="bbox 1368 324 2424 376; baseline 0.006 -12"><span class='ocrx_word' id='word_1_930' title='bbox 1368 337 1387 363; x_wconf 93' lang='lat' dir='ltr'>ri</span> <span class='ocrx_word' id='word_1_931' title='bbox 1412 336 1507 374; x_wconf 85' lang='lat' dir='ltr'>Regi,</span> <span class='ocrx_word' id='word_1_932' title='bbox 1533 348 1547 366; x_wconf 86' lang='lat' dir='ltr'>a</span> <span class='ocrx_word' id='word_1_933' title='bbox 1566 348 1624 375; x_wconf 90' lang='lat' dir='ltr'>quo</span> <span class='ocrx_word' id='word_1_934' title='bbox 1653 337 1707 368; x_wconf 77' lang='lat' dir='ltr'>illae</span> <span class='ocrx_word' id='word_1_935' title='bbox 1726 347 1860 374; x_wconf 83' lang='lat' dir='ltr'>petuntur</span> <span class='ocrx_word' id='word_1_936' title='bbox 1875 361 1885 376; x_wconf 90' lang='lat'>,</span> <span class='ocrx_word' id='word_1_937' title='bbox 1909 324 2065 370; x_wconf 75' lang='lat' dir='ltr'>autsioritas</span> <span class='ocrx_word' id='word_1_938' title='bbox 2092 340 2226 370; x_wconf 65' lang='lat' dir='ltr'>concell‘a</span> <span class='ocrx_word' id='word_1_939' title='bbox 2254 341 2286 369; x_wconf 86' lang='lat' dir='ltr'>sit</span> <span class='ocrx_word' id='word_1_940' title='bbox 2305 351 2370 370; x_wconf 89' lang='lat' dir='ltr'>eum</span> <span class='ocrx_word' id='word_1_941' title='bbox 2389 344 2424 373; x_wconf 79' lang='lat' dir='ltr'>ad</span> 
     </span>
     <span class='ocr_line' id='line_1_114' title="bbox 1363 373 2424 415; baseline 0.008 -13"><span class='ocrx_word' id='word_1_942' title='bbox 1363 373 1432 411; x_wconf 85' lang='lat' dir='ltr'>juris</span> <span class='ocrx_word' id='word_1_943' title='bbox 1451 375 1569 405; x_wconf 83' lang='lat' dir='ltr'>Limites</span> <span class='ocrx_word' id='word_1_944' title='bbox 1585 376 1755 414; x_wconf 86' lang='lat' dir='ltr'>revocandi,</span> <span class='ocrx_word' id='word_1_945' title='bbox 1775 377 1807 406; x_wconf 70' lang='grc' dir='ltr'>δε</span> <span class='ocrx_word' id='word_1_946' title='bbox 1824 386 1908 413; x_wconf 78' lang='lat' dir='ltr'>equas</span> <span class='ocrx_word' id='word_1_947' title='bbox 1927 377 2006 408; x_wconf 69' lang='lat' dir='ltr'>Picis</span> <span class='ocrx_word' id='word_1_948' title='bbox 2029 379 2211 408; x_wconf 84' lang='lat' dir='ltr'>conditiones</span> <span class='ocrx_word' id='word_1_949' title='bbox 2228 379 2331 415; x_wconf 78' lang='lat' dir='ltr'>absque</span> <span class='ocrx_word' id='word_1_950' title='bbox 2355 380 2424 410; x_wconf 90' lang='lat' dir='ltr'>dolo</span> 
     </span>
     <span class='ocr_line' id='line_1_115' title="bbox 1369 413 2423 455; baseline 0.006 -14"><span class='ocrx_word' id='word_1_951' title='bbox 1369 413 1445 442; x_wconf 75' lang='lat' dir='ltr'>malo</span> <span class='ocrx_word' id='word_1_952' title='bbox 1464 415 1656 452; x_wconf 80' lang='lat' dir='ltr'>proponendi,</span> <span class='ocrx_word' id='word_1_953' title='bbox 1673 416 1707 445; x_wconf 88' lang='lat'>&amp;</span> <span class='ocrx_word' id='word_1_954' title='bbox 1726 424 1756 444; x_wconf 90' lang='lat' dir='ltr'>ut</span> <span class='ocrx_word' id='word_1_955' title='bbox 1772 415 1804 444; x_wconf 89' lang='lat' dir='ltr'>iis</span> <span class='ocrx_word' id='word_1_956' title='bbox 1822 415 1976 454; x_wconf 70' lang='lat' dir='ltr'>acquiescat</span> <span class='ocrx_word' id='word_1_957' title='bbox 1996 416 2132 454; x_wconf 64' lang='lat' dir='ltr'>urgendi,</span> <span class='ocrx_word' id='word_1_958' title='bbox 2159 426 2225 455; x_wconf 85' lang='lat' dir='ltr'>quas</span> <span class='ocrx_word' id='word_1_959' title='bbox 2243 417 2261 446; x_wconf 84' lang='lat' dir='ltr'>fi</span> <span class='ocrx_word' id='word_1_960' title='bbox 2281 418 2423 448; x_wconf 68' lang='lat' dir='ltr'>recusave-</span> 
     </span>
     <span class='ocr_line' id='line_1_116' title="bbox 1366 451 2426 493; baseline 0.007 -14"><span class='ocrx_word' id='word_1_961' title='bbox 1366 451 1401 480; x_wconf 86' lang='lat' dir='ltr'>rit</span> <span class='ocrx_word' id='word_1_962' title='bbox 1420 462 1511 490; x_wconf 89' lang='lat' dir='ltr'>neque</span> <span class='ocrx_word' id='word_1_963' title='bbox 1528 452 1678 483; x_wconf 85' lang='lat' dir='ltr'>admittere</span> <span class='ocrx_word' id='word_1_964' title='bbox 1696 453 1836 491; x_wconf 88' lang='lat' dir='ltr'>voluerit,</span> <span class='ocrx_word' id='word_1_965' title='bbox 1855 463 1884 483; x_wconf 94' lang='lat' dir='ltr'>ut</span> <span class='ocrx_word' id='word_1_966' title='bbox 1903 463 1942 483; x_wconf 87' lang='lat' dir='ltr'>res</span> <span class='ocrx_word' id='word_1_967' title='bbox 1961 463 1994 483; x_wconf 73' lang='lat' dir='ltr'>ei&lt;</span> <span class='ocrx_word' id='word_1_968' title='bbox 2011 464 2085 492; x_wconf 86' lang='lat' dir='ltr'>equo</span> <span class='ocrx_word' id='word_1_969' title='bbox 2102 456 2133 484; x_wconf 66' lang='grc' dir='ltr'>ὃς</span> <span class='ocrx_word' id='word_1_970' title='bbox 2152 456 2231 484; x_wconf 91' lang='lat' dir='ltr'>bono</span> <span class='ocrx_word' id='word_1_971' title='bbox 2245 456 2426 493; x_wconf 78' lang='lat' dir='ltr'>tranligatur,</span> 
     </span>
     <span class='ocr_line' id='line_1_117' title="bbox 1366 490 2425 530; baseline 0.006 -12"><span class='ocrx_word' id='word_1_972' title='bbox 1366 497 1430 519; x_wconf 88' lang='lat' dir='ltr'>tum</span> <span class='ocrx_word' id='word_1_973' title='bbox 1445 490 1511 520; x_wconf 87' lang='lat' dir='ltr'>alter</span> <span class='ocrx_word' id='word_1_974' title='bbox 1524 490 1558 520; x_wconf 89' lang='lat' dir='ltr'>ad</span> <span class='ocrx_word' id='word_1_975' title='bbox 1565 491 1700 521; x_wconf 79' lang='lat' dir='ltr'>auxilium</span> <span class='ocrx_word' id='word_1_976' title='bbox 1716 491 1865 521; x_wconf 88' lang='lat' dir='ltr'>ferendum</span> <span class='ocrx_word' id='word_1_977' title='bbox 1878 492 2029 522; x_wconf 64' lang='lat' dir='ltr'>obstrictus</span> <span class='ocrx_word' id='word_1_978' title='bbox 2044 503 2103 523; x_wconf 88' lang='lat' dir='ltr'>non</span> <span class='ocrx_word' id='word_1_979' title='bbox 2119 494 2188 530; x_wconf 84' lang='lat' dir='ltr'>erit,</span> <span class='ocrx_word' id='word_1_980' title='bbox 2210 493 2318 524; x_wconf 71' lang='lat' dir='ltr'>Foeius</span> <span class='ocrx_word' id='word_1_981' title='bbox 2330 503 2425 524; x_wconf 83' lang='lat' dir='ltr'>tamen</span> 
     </span>
     <span class='ocr_line' id='line_1_118' title="bbox 1363 526 2297 567; baseline 0.005 -11"><span class='ocrx_word' id='word_1_982' title='bbox 1363 526 1473 564; x_wconf 84' lang='lat' dir='ltr'>semper</span> <span class='ocrx_word' id='word_1_983' title='bbox 1487 530 1617 567; x_wconf 86' lang='lat' dir='ltr'>vigorem</span> <span class='ocrx_word' id='word_1_984' title='bbox 1631 529 1710 559; x_wconf 91' lang='lat' dir='ltr'>suum</span> <span class='ocrx_word' id='word_1_985' title='bbox 1726 530 1868 560; x_wconf 87' lang='lat' dir='ltr'>obtinebit</span> <span class='ocrx_word' id='word_1_986' title='bbox 1884 539 1977 566; x_wconf 84' lang='lat' dir='ltr'>neque</span> <span class='ocrx_word' id='word_1_987' title='bbox 1994 532 2035 560; x_wconf 92' lang='lat' dir='ltr'>ob</span> <span class='ocrx_word' id='word_1_988' title='bbox 2052 532 2081 561; x_wconf 93' lang='lat' dir='ltr'>id</span> <span class='ocrx_word' id='word_1_989' title='bbox 2100 530 2297 562; x_wconf 84' lang='lat' dir='ltr'>infirmabitur.</span> 
     </span>
    </p>

    <p class='ocr_par' dir='ltr' id='par_1_26' title="bbox 1362 565 2427 746">
     <span class='ocr_line' id='line_1_119' title="bbox 1406 565 2424 608; baseline 0.006 -14"><span class='ocrx_word' id='word_1_990' title='bbox 1406 575 1451 595; x_wconf 92' lang='lat'>12.</span> <span class='ocrx_word' id='word_1_991' title='bbox 1469 565 1676 606; x_wconf 87' lang='lat' dir='ltr'>Conventum,</span> <span class='ocrx_word' id='word_1_992' title='bbox 1695 568 1902 598; x_wconf 87' lang='lat' dir='ltr'>concordatum</span> <span class='ocrx_word' id='word_1_993' title='bbox 1914 569 1948 600; x_wconf 62' lang='grc' dir='ltr'>ὃς</span> <span class='ocrx_word' id='word_1_994' title='bbox 1964 569 2133 600; x_wconf 77' lang='lat' dir='ltr'>conclusum</span> <span class='ocrx_word' id='word_1_995' title='bbox 2150 569 2209 606; x_wconf 88' lang='lat' dir='ltr'>est,</span> <span class='ocrx_word' id='word_1_996' title='bbox 2229 569 2305 608; x_wconf 85' lang='lat' dir='ltr'>quod</span> <span class='ocrx_word' id='word_1_997' title='bbox 2324 578 2424 600; x_wconf 87' lang='lat' dir='ltr'>neuter</span> 
     </span>
     <span class='ocr_line' id='line_1_120' title="bbox 1365 601 2427 645; baseline 0.007 -14"><span class='ocrx_word' id='word_1_998' title='bbox 1365 601 1484 639; x_wconf 75' lang='lat' dir='ltr'>Regum</span> <span class='ocrx_word' id='word_1_999' title='bbox 1498 605 1696 641; x_wconf 65' lang='lat' dir='ltr'>predictorum</span> <span class='ocrx_word' id='word_1_1000' title='bbox 1711 607 1739 635; x_wconf 85' lang='lat' dir='ltr'>in</span> <span class='ocrx_word' id='word_1_1001' title='bbox 1758 606 1867 645; x_wconf 83' lang='lat' dir='ltr'>Regnis</span> <span class='ocrx_word' id='word_1_1002' title='bbox 1883 607 1938 637; x_wconf 88' lang='lat' dir='ltr'>five</span> <span class='ocrx_word' id='word_1_1003' title='bbox 1954 607 2116 637; x_wconf 85' lang='lat' dir='ltr'>Provinciis</span> <span class='ocrx_word' id='word_1_1004' title='bbox 2131 608 2184 638; x_wconf 83' lang='lat' dir='ltr'>suis</span> <span class='ocrx_word' id='word_1_1005' title='bbox 2200 608 2308 639; x_wconf 82' lang='lat' dir='ltr'>alterius</span> <span class='ocrx_word' id='word_1_1006' title='bbox 2324 608 2427 638; x_wconf 85' lang='lat' dir='ltr'>[nimi-</span> 
     </span>
     <span class='ocr_line' id='line_1_121' title="bbox 1364 641 2425 685; baseline 0.008 -16"><span class='ocrx_word' id='word_1_1007' title='bbox 1364 650 1416 670; x_wconf 77' lang='lat' dir='ltr'>cos</span> <span class='ocrx_word' id='word_1_1008' title='bbox 1432 641 1565 672; x_wconf 87' lang='lat' dir='ltr'>Rebelles</span> <span class='ocrx_word' id='word_1_1009' title='bbox 1585 645 1718 682; x_wconf 84' lang='lat' dir='ltr'>recipiet,</span> <span class='ocrx_word' id='word_1_1010' title='bbox 1736 645 1913 684; x_wconf 75' lang='lat' dir='ltr'>occultabit,</span> <span class='ocrx_word' id='word_1_1011' title='bbox 1929 655 1976 676; x_wconf 89' lang='lat' dir='ltr'>aut</span> <span class='ocrx_word' id='word_1_1012' title='bbox 1990 646 2120 677; x_wconf 70' lang='lat' dir='ltr'>tolerabit</span> <span class='ocrx_word' id='word_1_1013' title='bbox 2138 647 2205 676; x_wconf 88' lang='lat' dir='ltr'>ultra</span> <span class='ocrx_word' id='word_1_1014' title='bbox 2221 647 2340 684; x_wconf 85' lang='lat' dir='ltr'>spatium</span> <span class='ocrx_word' id='word_1_1015' title='bbox 2353 657 2425 685; x_wconf 76' lang='lat' dir='ltr'>qua-</span> 
     </span>
     <span class='ocr_line' id='line_1_122' title="bbox 1362 681 2426 722; baseline 0.008 -15"><span class='ocrx_word' id='word_1_1016' title='bbox 1362 684 1426 707; x_wconf 79' lang='lat' dir='ltr'>tuor</span> <span class='ocrx_word' id='word_1_1017' title='bbox 1444 681 1580 719; x_wconf 67' lang='lat' dir='ltr'>Mensr&#39;um</span> <span class='ocrx_word' id='word_1_1018' title='bbox 1596 704 1605 718; x_wconf 89' lang='lat'>,</span> <span class='ocrx_word' id='word_1_1019' title='bbox 1631 682 1794 714; x_wconf 86' lang='lat' dir='ltr'>dummodo</span> <span class='ocrx_word' id='word_1_1020' title='bbox 1812 683 1953 715; x_wconf 74' lang='lat' dir='ltr'>Inimicus</span> <span class='ocrx_word' id='word_1_1021' title='bbox 1971 685 2030 722; x_wconf 89' lang='lat' dir='ltr'>ejus</span> <span class='ocrx_word' id='word_1_1022' title='bbox 2056 694 2102 715; x_wconf 86' lang='lat' dir='ltr'>aut</span> <span class='ocrx_word' id='word_1_1023' title='bbox 2122 684 2255 716; x_wconf 87' lang='lat' dir='ltr'>Rebelles</span> <span class='ocrx_word' id='word_1_1024' title='bbox 2279 685 2336 716; x_wconf 74' lang='lat' dir='ltr'>esse</span> <span class='ocrx_word' id='word_1_1025' title='bbox 2356 685 2426 715; x_wconf 86' lang='lat' dir='ltr'>scia-</span> 
     </span>
     <span class='ocr_line' id='line_1_123' title="bbox 1364 724 1420 746; baseline 0.018 -1"><span class='ocrx_word' id='word_1_1026' title='bbox 1364 724 1420 746; x_wconf 83' lang='lat' dir='ltr'>tur.</span> 
     </span>
    </p>

    <p class='ocr_par' dir='ltr' id='par_1_27' title="bbox 1364 755 2427 1025">
     <span class='ocr_line' id='line_1_124' title="bbox 1406 755 2427 800; baseline 0.008 -15"><span class='ocrx_word' id='word_1_1027' title='bbox 1406 764 1453 795; x_wconf 83' lang='lat'>13.</span> <span class='ocrx_word' id='word_1_1028' title='bbox 1470 755 1681 795; x_wconf 76' lang='lat' dir='ltr'>Conventum,</span> <span class='ocrx_word' id='word_1_1029' title='bbox 1697 759 1906 790; x_wconf 83' lang='lat' dir='ltr'>concordatum</span> <span class='ocrx_word' id='word_1_1030' title='bbox 1921 760 1953 791; x_wconf 73' lang='grc' dir='ltr'>ὅτ</span> <span class='ocrx_word' id='word_1_1031' title='bbox 1968 761 2136 791; x_wconf 84' lang='lat' dir='ltr'>conclusum</span> <span class='ocrx_word' id='word_1_1032' title='bbox 2153 761 2212 799; x_wconf 86' lang='lat' dir='ltr'>est,</span> <span class='ocrx_word' id='word_1_1033' title='bbox 2231 761 2310 800; x_wconf 89' lang='lat' dir='ltr'>quod</span> <span class='ocrx_word' id='word_1_1034' title='bbox 2326 761 2427 793; x_wconf 88' lang='lat' dir='ltr'>utrius-</span> 
     </span>
     <span class='ocr_line' id='line_1_125' title="bbox 1365 794 2426 839; baseline 0.008 -17"><span class='ocrx_word' id='word_1_1035' title='bbox 1365 802 1420 829; x_wconf 87' lang='lat' dir='ltr'>que</span> <span class='ocrx_word' id='word_1_1036' title='bbox 1436 794 1526 833; x_wconf 80' lang='lat' dir='ltr'>Regis</span> <span class='ocrx_word' id='word_1_1037' title='bbox 1545 795 1670 826; x_wconf 86' lang='lat' dir='ltr'>Subditis</span> <span class='ocrx_word' id='word_1_1038' title='bbox 1692 796 1816 827; x_wconf 88' lang='lat' dir='ltr'>liberum</span> <span class='ocrx_word' id='word_1_1039' title='bbox 1840 799 1890 828; x_wconf 90' lang='lat' dir='ltr'>erit</span> <span class='ocrx_word' id='word_1_1040' title='bbox 1904 820 1913 835; x_wconf 84' lang='grc'>,</span> <span class='ocrx_word' id='word_1_1041' title='bbox 1938 799 2050 830; x_wconf 85' lang='lat' dir='ltr'>alterius</span> <span class='ocrx_word' id='word_1_1042' title='bbox 2073 800 2253 838; x_wconf 83' lang='lat' dir='ltr'>Provincias,</span> <span class='ocrx_word' id='word_1_1043' title='bbox 2272 800 2426 839; x_wconf 83' lang='lat' dir='ltr'>Emporia,</span> 
     </span>
     <span class='ocr_line' id='line_1_126' title="bbox 1365 831 2423 876; baseline 0.007 -15"><span class='ocrx_word' id='word_1_1044' title='bbox 1365 831 1468 862; x_wconf 86' lang='lat' dir='ltr'>Portus</span> <span class='ocrx_word' id='word_1_1045' title='bbox 1488 834 1521 863; x_wconf 67' lang='grc' dir='ltr'>ὃ(</span> <span class='ocrx_word' id='word_1_1046' title='bbox 1538 833 1669 864; x_wconf 89' lang='lat' dir='ltr'>Flumina</span> <span class='ocrx_word' id='word_1_1047' title='bbox 1685 844 1754 864; x_wconf 91' lang='lat' dir='ltr'>curn</span> <span class='ocrx_word' id='word_1_1048' title='bbox 1771 835 1920 866; x_wconf 82' lang='lat' dir='ltr'>Mercibus</span> <span class='ocrx_word' id='word_1_1049' title='bbox 1934 837 2003 874; x_wconf 65' lang='lat' dir='ltr'>fiais,</span> <span class='ocrx_word' id='word_1_1050' title='bbox 2031 847 2087 868; x_wconf 82' lang='lat' dir='ltr'>tam</span> <span class='ocrx_word' id='word_1_1051' title='bbox 2109 839 2199 868; x_wconf 81' lang='lat' dir='ltr'>Terra</span> <span class='ocrx_word' id='word_1_1052' title='bbox 2218 839 2301 876; x_wconf 67' lang='lat' dir='ltr'>quam</span> <span class='ocrx_word' id='word_1_1053' title='bbox 2331 839 2423 876; x_wconf 82' lang='lat' dir='ltr'>Mari,</span> 
     </span>
     <span class='ocr_line' id='line_1_127' title="bbox 1364 870 2425 916; baseline 0.008 -17"><span class='ocrx_word' id='word_1_1054' title='bbox 1364 870 1439 900; x_wconf 85' lang='lat' dir='ltr'>adire</span> <span class='ocrx_word' id='word_1_1055' title='bbox 1454 871 1510 901; x_wconf 87' lang='lat' dir='ltr'>fine</span> <span class='ocrx_word' id='word_1_1056' title='bbox 1519 871 1575 902; x_wconf 87' lang='lat' dir='ltr'>ullo</span> <span class='ocrx_word' id='word_1_1057' title='bbox 1590 872 1816 911; x_wconf 84' lang='lat' dir='ltr'>impedimento,</span> <span class='ocrx_word' id='word_1_1058' title='bbox 1832 875 1937 913; x_wconf 80' lang='lat' dir='ltr'>ubique</span> <span class='ocrx_word' id='word_1_1059' title='bbox 1953 875 2053 905; x_wconf 84' lang='lat' dir='ltr'>versari</span> <span class='ocrx_word' id='word_1_1060' title='bbox 2068 877 2100 906; x_wconf 67' lang='grc' dir='ltr'>δε</span> <span class='ocrx_word' id='word_1_1061' title='bbox 2115 879 2249 915; x_wconf 81' lang='lat' dir='ltr'>negotiari</span> <span class='ocrx_word' id='word_1_1062' title='bbox 2259 901 2269 916; x_wconf 83' lang='lat'>,</span> <span class='ocrx_word' id='word_1_1063' title='bbox 2287 879 2425 909; x_wconf 86' lang='lat' dir='ltr'>dummo-</span> 
     </span>
     <span class='ocr_line' id='line_1_128' title="bbox 1364 908 2424 954; baseline 0.01 -18"><span class='ocrx_word' id='word_1_1064' title='bbox 1364 908 1404 937; x_wconf 86' lang='lat' dir='ltr'>do</span> <span class='ocrx_word' id='word_1_1065' title='bbox 1421 911 1554 940; x_wconf 74' lang='lat' dir='ltr'>consueta</span> <span class='ocrx_word' id='word_1_1066' title='bbox 1571 910 1724 948; x_wconf 68' lang='lat' dir='ltr'>Veetigalia</span> <span class='ocrx_word' id='word_1_1067' title='bbox 1747 911 1876 949; x_wconf 83' lang='lat' dir='ltr'>solvant;</span> <span class='ocrx_word' id='word_1_1068' title='bbox 1904 912 1946 943; x_wconf 86' lang='lat' dir='ltr'>Ita</span> <span class='ocrx_word' id='word_1_1069' title='bbox 1966 922 2061 944; x_wconf 83' lang='lat' dir='ltr'>tamen</span> <span class='ocrx_word' id='word_1_1070' title='bbox 2085 926 2120 945; x_wconf 83' lang='lat' dir='ltr'>ne</span> <span class='ocrx_word' id='word_1_1071' title='bbox 2148 916 2236 954; x_wconf 67' lang='lat' dir='ltr'>Leges</span> <span class='ocrx_word' id='word_1_1072' title='bbox 2257 926 2290 946; x_wconf 86' lang='lat' dir='ltr'>ac</span> <span class='ocrx_word' id='word_1_1073' title='bbox 2315 917 2424 947; x_wconf 79' lang='lat' dir='ltr'>Statuta</span> 
     </span>
     <span class='ocr_line' id='line_1_129' title="bbox 1364 946 2425 993; baseline 0.009 -17"><span class='ocrx_word' id='word_1_1074' title='bbox 1364 946 1585 978; x_wconf 88' lang='lat' dir='ltr'>Provinciarum</span> <span class='ocrx_word' id='word_1_1075' title='bbox 1608 950 1707 987; x_wconf 89' lang='lat' dir='ltr'>quibus</span> <span class='ocrx_word' id='word_1_1076' title='bbox 1722 950 1774 979; x_wconf 83' lang='lat' dir='ltr'>alie</span> <span class='ocrx_word' id='word_1_1077' title='bbox 1791 951 1934 982; x_wconf 87' lang='lat' dir='ltr'>Nationes</span> <span class='ocrx_word' id='word_1_1078' title='bbox 1958 961 2061 982; x_wconf 89' lang='lat' dir='ltr'>omnes</span> <span class='ocrx_word' id='word_1_1079' title='bbox 2076 953 2237 993; x_wconf 80' lang='lat' dir='ltr'>subjacent,</span> <span class='ocrx_word' id='word_1_1080' title='bbox 2255 955 2313 985; x_wconf 72' lang='lat' dir='ltr'>ullo</span> <span class='ocrx_word' id='word_1_1081' title='bbox 2332 955 2425 986; x_wconf 86' lang='lat' dir='ltr'>modo</span> 
     </span>
     <span class='ocr_line' id='line_1_130' title="bbox 1367 985 1794 1025; baseline 0.005 -9"><span class='ocrx_word' id='word_1_1082' title='bbox 1367 985 1512 1016; x_wconf 89' lang='lat' dir='ltr'>violentur</span> <span class='ocrx_word' id='word_1_1083' title='bbox 1528 995 1575 1018; x_wconf 85' lang='lat' dir='ltr'>aut</span> <span class='ocrx_word' id='word_1_1084' title='bbox 1594 987 1794 1025; x_wconf 86' lang='lat' dir='ltr'>infringantur.</span> 
     </span>
    </p>

    <p class='ocr_par' dir='ltr' id='par_1_28' title="bbox 1363 1024 2427 1288">
     <span class='ocr_line' id='line_1_131' title="bbox 1406 1024 2424 1069; baseline 0.011 -17"><span class='ocrx_word' id='word_1_1085' title='bbox 1406 1033 1452 1066; x_wconf 84' lang='lat'>¹4:</span> <span class='ocrx_word' id='word_1_1086' title='bbox 1474 1024 1679 1064; x_wconf 86' lang='lat' dir='ltr'>Conventum,</span> <span class='ocrx_word' id='word_1_1087' title='bbox 1698 1025 1905 1057; x_wconf 86' lang='lat' dir='ltr'>concordatum</span> <span class='ocrx_word' id='word_1_1088' title='bbox 1925 1028 1958 1058; x_wconf 91' lang='lat'>&amp;</span> <span class='ocrx_word' id='word_1_1089' title='bbox 1976 1029 2143 1060; x_wconf 90' lang='lat' dir='ltr'>conclusum</span> <span class='ocrx_word' id='word_1_1090' title='bbox 2162 1029 2201 1060; x_wconf 91' lang='lat' dir='ltr'>est</span> <span class='ocrx_word' id='word_1_1091' title='bbox 2218 1053 2228 1067; x_wconf 91' lang='lat'>,</span> <span class='ocrx_word' id='word_1_1092' title='bbox 2253 1031 2331 1069; x_wconf 88' lang='lat' dir='ltr'>quod</span> <span class='ocrx_word' id='word_1_1093' title='bbox 2350 1032 2424 1063; x_wconf 91' lang='lat' dir='ltr'>Sub-</span> 
     </span>
     <span class='ocr_line' id='line_1_132' title="bbox 1364 1060 2424 1111; baseline 0.011 -20"><span class='ocrx_word' id='word_1_1094' title='bbox 1364 1060 1416 1092; x_wconf 91' lang='lat' dir='ltr'>diti</span> <span class='ocrx_word' id='word_1_1095' title='bbox 1433 1064 1598 1095; x_wconf 85' lang='lat' dir='ltr'>lerenilfimi</span> <span class='ocrx_word' id='word_1_1096' title='bbox 1616 1068 1723 1102; x_wconf 80' lang='lat' dir='ltr'>Magne</span> <span class='ocrx_word' id='word_1_1097' title='bbox 1740 1068 1890 1095; x_wconf 69' lang='lat' dir='ltr'>Britannia</span> <span class='ocrx_word' id='word_1_1098' title='bbox 1905 1069 1984 1103; x_wconf 77' lang='lat' dir='ltr'>Regis</span> <span class='ocrx_word' id='word_1_1099' title='bbox 1998 1068 2033 1098; x_wconf 87' lang='lat' dir='ltr'>ad</span> <span class='ocrx_word' id='word_1_1100' title='bbox 2046 1069 2145 1099; x_wconf 84' lang='lat' dir='ltr'>Portus</span> <span class='ocrx_word' id='word_1_1101' title='bbox 2161 1069 2424 1111; x_wconf 88' lang='lat' dir='ltr'>prohibitos,quo-</span> 
     </span>
     <span class='ocr_line' id='line_1_133' title="bbox 1364 1101 2425 1147; baseline 0.008 -17"><span class='ocrx_word' id='word_1_1102' title='bbox 1364 1101 1479 1144; x_wconf 76' lang='lat' dir='ltr'>rumin</span> <span class='ocrx_word' id='word_1_1103' title='bbox 1501 1101 1721 1139; x_wconf 86' lang='lat' dir='ltr'>precedentibus</span> <span class='ocrx_word' id='word_1_1104' title='bbox 1741 1104 1896 1135; x_wconf 89' lang='lat' dir='ltr'>Federibus</span> <span class='ocrx_word' id='word_1_1105' title='bbox 1919 1107 2029 1136; x_wconf 88' lang='lat' dir='ltr'>mentio</span> <span class='ocrx_word' id='word_1_1106' title='bbox 2048 1106 2097 1145; x_wconf 79' lang='lat' dir='ltr'>fit,</span> <span class='ocrx_word' id='word_1_1107' title='bbox 2121 1108 2224 1147; x_wconf 90' lang='lat' dir='ltr'>absque</span> <span class='ocrx_word' id='word_1_1108' title='bbox 2241 1107 2351 1146; x_wconf 87' lang='lat' dir='ltr'>speciali</span> <span class='ocrx_word' id='word_1_1109' title='bbox 2375 1112 2425 1142; x_wconf 88' lang='lat' dir='ltr'>Li-</span> 
     </span>
     <span class='ocr_line' id='line_1_134' title="bbox 1364 1142 2425 1184; baseline 0.009 -15"><span class='ocrx_word' id='word_1_1110' title='bbox 1364 1148 1456 1170; x_wconf 81' lang='lat' dir='ltr'>centia</span> <span class='ocrx_word' id='word_1_1111' title='bbox 1471 1142 1551 1177; x_wconf 76' lang='lat' dir='ltr'>Regis</span> <span class='ocrx_word' id='word_1_1112' title='bbox 1564 1143 1660 1171; x_wconf 72' lang='lat' dir='ltr'>Dante</span> <span class='ocrx_word' id='word_1_1113' title='bbox 1675 1143 1709 1172; x_wconf 88' lang='lat'>&amp;</span> <span class='ocrx_word' id='word_1_1114' title='bbox 1725 1144 1895 1181; x_wconf 84' lang='lat' dir='ltr'>Norwegie,</span> <span class='ocrx_word' id='word_1_1115' title='bbox 1913 1143 1976 1174; x_wconf 89' lang='lat' dir='ltr'>&amp;c.</span> <span class='ocrx_word' id='word_1_1116' title='bbox 1993 1145 2079 1181; x_wconf 84' lang='lat' dir='ltr'>petita</span> <span class='ocrx_word' id='word_1_1117' title='bbox 2102 1146 2135 1176; x_wconf 91' lang='lat'>&amp;</span> <span class='ocrx_word' id='word_1_1118' title='bbox 2150 1147 2288 1184; x_wconf 85' lang='lat' dir='ltr'>obtenta,</span> <span class='ocrx_word' id='word_1_1119' title='bbox 2307 1149 2425 1180; x_wconf 84' lang='lat' dir='ltr'>nullate-</span> 
     </span>
     <span class='ocr_line' id='line_1_135' title="bbox 1363 1179 2425 1222; baseline 0.009 -14"><span class='ocrx_word' id='word_1_1120' title='bbox 1363 1187 1415 1208; x_wconf 84' lang='lat' dir='ltr'>nus</span> <span class='ocrx_word' id='word_1_1121' title='bbox 1430 1179 1583 1217; x_wconf 86' lang='lat' dir='ltr'>accedant,</span> <span class='ocrx_word' id='word_1_1122' title='bbox 1603 1180 1653 1210; x_wconf 84' lang='lat' dir='ltr'>nifi</span> <span class='ocrx_word' id='word_1_1123' title='bbox 1667 1180 1784 1211; x_wconf 88' lang='lat' dir='ltr'>evidens</span> <span class='ocrx_word' id='word_1_1124' title='bbox 1798 1179 1888 1211; x_wconf 89' lang='lat' dir='ltr'>Maris</span> <span class='ocrx_word' id='word_1_1125' title='bbox 1900 1183 2058 1219; x_wconf 89' lang='lat' dir='ltr'>periculum</span> <span class='ocrx_word' id='word_1_1126' title='bbox 2070 1193 2117 1214; x_wconf 91' lang='lat' dir='ltr'>aut</span> <span class='ocrx_word' id='word_1_1127' title='bbox 2130 1184 2351 1222; x_wconf 86' lang='lat' dir='ltr'>Tempestatum</span> <span class='ocrx_word' id='word_1_1128' title='bbox 2366 1190 2425 1218; x_wconf 87' lang='lat' dir='ltr'>im-</span> 
     </span>
     <span class='ocr_line' id='line_1_136' title="bbox 1364 1216 2427 1262; baseline 0.012 -17"><span class='ocrx_word' id='word_1_1129' title='bbox 1364 1216 1457 1254; x_wconf 86' lang='lat' dir='ltr'>pulsus</span> <span class='ocrx_word' id='word_1_1130' title='bbox 1471 1217 1608 1249; x_wconf 87' lang='lat' dir='ltr'>accedere</span> <span class='ocrx_word' id='word_1_1131' title='bbox 1623 1218 1667 1250; x_wconf 89' lang='lat' dir='ltr'>vel</span> <span class='ocrx_word' id='word_1_1132' title='bbox 1682 1220 1785 1250; x_wconf 90' lang='lat' dir='ltr'>intrare</span> <span class='ocrx_word' id='word_1_1133' title='bbox 1802 1221 1949 1259; x_wconf 84' lang='lat' dir='ltr'>coegerit,</span> <span class='ocrx_word' id='word_1_1134' title='bbox 1968 1222 2015 1252; x_wconf 92' lang='lat' dir='ltr'>ubi</span> <span class='ocrx_word' id='word_1_1135' title='bbox 2033 1231 2103 1253; x_wconf 92' lang='lat' dir='ltr'>tunc</span> <span class='ocrx_word' id='word_1_1136' title='bbox 2117 1223 2237 1254; x_wconf 89' lang='lat' dir='ltr'>minime</span> <span class='ocrx_word' id='word_1_1137' title='bbox 2260 1224 2334 1262; x_wconf 82' lang='lat' dir='ltr'>ipsos</span> <span class='ocrx_word' id='word_1_1138' title='bbox 2352 1237 2427 1258; x_wconf 84' lang='lat' dir='ltr'>mer—</span> 
     </span>
     <span class='ocr_line' id='line_1_137' title="bbox 1364 1255 1644 1288; baseline 0.011 -3"><span class='ocrx_word' id='word_1_1139' title='bbox 1364 1255 1517 1287; x_wconf 84' lang='lat' dir='ltr'>candizare</span> <span class='ocrx_word' id='word_1_1140' title='bbox 1535 1256 1644 1288; x_wconf 89' lang='lat' dir='ltr'>licebit.</span> 
     </span>
    </p>

    <p class='ocr_par' dir='ltr' id='par_1_29' title="bbox 1361 1294 2426 1573">
     <span class='ocr_line' id='line_1_138' title="bbox 1402 1294 2426 1338; baseline 0.009 -14"><span class='ocrx_word' id='word_1_1141' title='bbox 1402 1302 1447 1333; x_wconf 82' lang='lat'>15.</span> <span class='ocrx_word' id='word_1_1142' title='bbox 1466 1294 1660 1327; x_wconf 89' lang='lat' dir='ltr'>Conventum</span> <span class='ocrx_word' id='word_1_1143' title='bbox 1670 1319 1680 1334; x_wconf 89' lang='lat'>,</span> <span class='ocrx_word' id='word_1_1144' title='bbox 1697 1298 1907 1328; x_wconf 87' lang='lat' dir='ltr'>concordatum</span> <span class='ocrx_word' id='word_1_1145' title='bbox 1924 1297 1958 1328; x_wconf 69' lang='grc' dir='ltr'>ὃς</span> <span class='ocrx_word' id='word_1_1146' title='bbox 1971 1299 2140 1330; x_wconf 90' lang='lat' dir='ltr'>conclusum</span> <span class='ocrx_word' id='word_1_1147' title='bbox 2160 1299 2218 1338; x_wconf 89' lang='lat' dir='ltr'>est,</span> <span class='ocrx_word' id='word_1_1148' title='bbox 2236 1301 2314 1338; x_wconf 90' lang='lat' dir='ltr'>quod</span> <span class='ocrx_word' id='word_1_1149' title='bbox 2335 1302 2354 1332; x_wconf 82' lang='lat' dir='ltr'>fi</span> <span class='ocrx_word' id='word_1_1150' title='bbox 2376 1303 2426 1333; x_wconf 89' lang='lat' dir='ltr'>ali-</span> 
     </span>
     <span class='ocr_line' id='line_1_139' title="bbox 1363 1333 2426 1381; baseline 0.009 -19"><span class='ocrx_word' id='word_1_1151' title='bbox 1363 1342 1451 1370; x_wconf 86' lang='lat' dir='ltr'>quem</span> <span class='ocrx_word' id='word_1_1152' title='bbox 1468 1343 1502 1363; x_wconf 81' lang='lat' dir='ltr'>ex</span> <span class='ocrx_word' id='word_1_1153' title='bbox 1516 1333 1673 1365; x_wconf 88' lang='lat' dir='ltr'>alterutrius</span> <span class='ocrx_word' id='word_1_1154' title='bbox 1694 1334 1786 1372; x_wconf 86' lang='lat' dir='ltr'>Regis</span> <span class='ocrx_word' id='word_1_1155' title='bbox 1807 1335 1948 1374; x_wconf 80' lang='lat' dir='ltr'>Subditis,</span> <span class='ocrx_word' id='word_1_1156' title='bbox 1961 1337 2042 1374; x_wconf 85' lang='lat' dir='ltr'>juxta</span> <span class='ocrx_word' id='word_1_1157' title='bbox 2061 1337 2170 1368; x_wconf 84' lang='lat' dir='ltr'>alterius</span> <span class='ocrx_word' id='word_1_1158' title='bbox 2194 1339 2281 1377; x_wconf 83' lang='lat' dir='ltr'>Regis</span> <span class='ocrx_word' id='word_1_1159' title='bbox 2298 1340 2426 1381; x_wconf 85' lang='lat' dir='ltr'>Littora‚</span> 
     </span>
     <span class='ocr_line' id='line_1_140' title="bbox 1364 1370 2425 1415; baseline 0.008 -14"><span class='ocrx_word' id='word_1_1160' title='bbox 1364 1370 1564 1409; x_wconf 87' lang='lat' dir='ltr'>Naufragium</span> <span class='ocrx_word' id='word_1_1161' title='bbox 1581 1374 1676 1405; x_wconf 88' lang='lat' dir='ltr'>facere</span> <span class='ocrx_word' id='word_1_1162' title='bbox 1692 1376 1859 1414; x_wconf 85' lang='lat' dir='ltr'>contingat,</span> <span class='ocrx_word' id='word_1_1163' title='bbox 1886 1375 2005 1406; x_wconf 73' lang='lat' dir='ltr'>fractam</span> <span class='ocrx_word' id='word_1_1164' title='bbox 2021 1377 2053 1406; x_wconf 69' lang='grc' dir='ltr'>δε</span> <span class='ocrx_word' id='word_1_1165' title='bbox 2072 1377 2197 1415; x_wconf 77' lang='lat' dir='ltr'>quassam</span> <span class='ocrx_word' id='word_1_1166' title='bbox 2214 1378 2336 1409; x_wconf 89' lang='lat' dir='ltr'>Navem</span> <span class='ocrx_word' id='word_1_1167' title='bbox 2354 1389 2425 1410; x_wconf 85' lang='lat' dir='ltr'>cum</span> 
     </span>
     <span class='ocr_line' id='line_1_141' title="bbox 1363 1409 2425 1454; baseline 0.008 -14"><span class='ocrx_word' id='word_1_1168' title='bbox 1363 1409 1516 1441; x_wconf 89' lang='lat' dir='ltr'>Mercibus</span> <span class='ocrx_word' id='word_1_1169' title='bbox 1531 1413 1683 1443; x_wconf 91' lang='lat' dir='ltr'>vendicare</span> <span class='ocrx_word' id='word_1_1170' title='bbox 1698 1414 1819 1450; x_wconf 84' lang='lat' dir='ltr'>poterit,</span> <span class='ocrx_word' id='word_1_1171' title='bbox 1834 1423 1926 1451; x_wconf 87' lang='lat' dir='ltr'>neque</span> <span class='ocrx_word' id='word_1_1172' title='bbox 1942 1415 2087 1452; x_wconf 84' lang='lat' dir='ltr'>quisquam</span> <span class='ocrx_word' id='word_1_1173' title='bbox 2103 1416 2129 1445; x_wconf 88' lang='lat' dir='ltr'>ei</span> <span class='ocrx_word' id='word_1_1174' title='bbox 2150 1416 2179 1444; x_wconf 92' lang='lat' dir='ltr'>iti</span> <span class='ocrx_word' id='word_1_1175' title='bbox 2200 1426 2233 1447; x_wconf 90' lang='lat' dir='ltr'>ea</span> <span class='ocrx_word' id='word_1_1176' title='bbox 2255 1426 2283 1447; x_wconf 89' lang='lat' dir='ltr'>re</span> <span class='ocrx_word' id='word_1_1177' title='bbox 2300 1418 2425 1454; x_wconf 80' lang='lat' dir='ltr'>impedi-</span> 
     </span>
     <span class='ocr_line' id='line_1_142' title="bbox 1362 1451 2422 1493; baseline 0.008 -15"><span class='ocrx_word' id='word_1_1178' title='bbox 1362 1457 1464 1479; x_wconf 87' lang='lat' dir='ltr'>mento</span> <span class='ocrx_word' id='word_1_1179' title='bbox 1478 1451 1548 1487; x_wconf 91' lang='lat' dir='ltr'>erit,</span> <span class='ocrx_word' id='word_1_1180' title='bbox 1565 1451 1634 1488; x_wconf 91' lang='lat' dir='ltr'>quiri</span> <span class='ocrx_word' id='word_1_1181' title='bbox 1649 1452 1819 1481; x_wconf 88' lang='lat' dir='ltr'>tenebuntur</span> <span class='ocrx_word' id='word_1_1182' title='bbox 1832 1452 1926 1489; x_wconf 76' lang='lat' dir='ltr'>potitis</span> <span class='ocrx_word' id='word_1_1183' title='bbox 1941 1453 1999 1482; x_wconf 88' lang='lat' dir='ltr'>loci</span> <span class='ocrx_word' id='word_1_1184' title='bbox 2016 1453 2115 1484; x_wconf 84' lang='lat' dir='ltr'>Incole</span> <span class='ocrx_word' id='word_1_1185' title='bbox 2133 1453 2152 1483; x_wconf 92' lang='lat' dir='ltr'>si</span> <span class='ocrx_word' id='word_1_1186' title='bbox 2168 1453 2226 1487; x_wconf 85' lang='lat' dir='ltr'>hoc</span> <span class='ocrx_word' id='word_1_1187' title='bbox 2244 1455 2279 1485; x_wconf 87' lang='lat' dir='ltr'>ab</span> <span class='ocrx_word' id='word_1_1188' title='bbox 2297 1456 2329 1485; x_wconf 89' lang='lat' dir='ltr'>iis</span> <span class='ocrx_word' id='word_1_1189' title='bbox 2345 1464 2422 1493; x_wconf 87' lang='lat' dir='ltr'>peta-</span> 
     </span>
     <span class='ocr_line' id='line_1_143' title="bbox 1362 1488 2423 1529; baseline 0.008 -13"><span class='ocrx_word' id='word_1_1190' title='bbox 1362 1494 1427 1525; x_wconf 87' lang='lat' dir='ltr'>tur,</span> <span class='ocrx_word' id='word_1_1191' title='bbox 1445 1494 1477 1517; x_wconf 92' lang='lat' dir='ltr'>ut</span> <span class='ocrx_word' id='word_1_1192' title='bbox 1490 1498 1544 1525; x_wconf 88' lang='lat' dir='ltr'>pro</span> <span class='ocrx_word' id='word_1_1193' title='bbox 1560 1488 1634 1525; x_wconf 76' lang='lat' dir='ltr'>justa</span> <span class='ocrx_word' id='word_1_1194' title='bbox 1652 1489 1785 1520; x_wconf 89' lang='lat' dir='ltr'>mercede</span> <span class='ocrx_word' id='word_1_1195' title='bbox 1806 1490 1932 1524; x_wconf 84' lang='lat' dir='ltr'>Laboris</span> <span class='ocrx_word' id='word_1_1196' title='bbox 1946 1490 2126 1528; x_wconf 78' lang='lat' dir='ltr'>naufragium</span> <span class='ocrx_word' id='word_1_1197' title='bbox 2147 1493 2226 1529; x_wconf 74' lang='lat' dir='ltr'>palso</span> <span class='ocrx_word' id='word_1_1198' title='bbox 2245 1493 2349 1524; x_wconf 81' lang='lat' dir='ltr'>auxilio</span> <span class='ocrx_word' id='word_1_1199' title='bbox 2369 1495 2423 1526; x_wconf 82' lang='lat' dir='ltr'>lint</span> 
     </span>
     <span class='ocr_line' id='line_1_144' title="bbox 1361 1525 2209 1573; baseline 0.008 -18"><span class='ocrx_word' id='word_1_1200' title='bbox 1361 1525 1397 1556; x_wconf 91' lang='lat' dir='ltr'>ad</span> <span class='ocrx_word' id='word_1_1201' title='bbox 1413 1536 1446 1556; x_wconf 91' lang='lat' dir='ltr'>ea</span> <span class='ocrx_word' id='word_1_1202' title='bbox 1465 1535 1521 1573; x_wconf 67' lang='lat' dir='ltr'>qpe</span> <span class='ocrx_word' id='word_1_1203' title='bbox 1540 1526 1645 1558; x_wconf 83' lang='lat' dir='ltr'>servari</span> <span class='ocrx_word' id='word_1_1204' title='bbox 1665 1536 1797 1565; x_wconf 86' lang='lat' dir='ltr'>poterunt</span> <span class='ocrx_word' id='word_1_1205' title='bbox 1812 1538 1847 1558; x_wconf 86' lang='lat' dir='ltr'>ex</span> <span class='ocrx_word' id='word_1_1206' title='bbox 1865 1529 2013 1568; x_wconf 83' lang='lat' dir='ltr'>naufragio</span> <span class='ocrx_word' id='word_1_1207' title='bbox 2031 1530 2209 1566; x_wconf 81' lang='lat' dir='ltr'>excipienda.</span> 
     </span>
    </p>

    <p class='ocr_par' dir='ltr' id='par_1_30' title="bbox 1357 1564 2427 1826">
     <span class='ocr_line' id='line_1_145' title="bbox 1400 1564 2425 1608; baseline 0.008 -15"><span class='ocrx_word' id='word_1_1208' title='bbox 1400 1564 1445 1594; x_wconf 89' lang='lat'>16.</span> <span class='ocrx_word' id='word_1_1209' title='bbox 1465 1564 1675 1602; x_wconf 59' lang='lat' dir='ltr'>Conventum,</span> <span class='ocrx_word' id='word_1_1210' title='bbox 1695 1566 1908 1596; x_wconf 86' lang='lat' dir='ltr'>concordatum</span> <span class='ocrx_word' id='word_1_1211' title='bbox 1928 1568 1961 1598; x_wconf 86' lang='lat'>&amp;</span> <span class='ocrx_word' id='word_1_1212' title='bbox 1980 1569 2147 1599; x_wconf 86' lang='lat' dir='ltr'>conclusum</span> <span class='ocrx_word' id='word_1_1213' title='bbox 2167 1570 2226 1607; x_wconf 83' lang='lat' dir='ltr'>est,</span> <span class='ocrx_word' id='word_1_1214' title='bbox 2248 1570 2327 1608; x_wconf 87' lang='lat' dir='ltr'>quod</span> <span class='ocrx_word' id='word_1_1215' title='bbox 2348 1569 2367 1601; x_wconf 89' lang='lat' dir='ltr'>fi</span> <span class='ocrx_word' id='word_1_1216' title='bbox 2387 1570 2425 1601; x_wconf 92' lang='lat' dir='ltr'>al-</span> 
     </span>
     <span class='ocr_line' id='line_1_146' title="bbox 1357 1603 2427 1646; baseline 0.006 -13"><span class='ocrx_word' id='word_1_1217' title='bbox 1357 1603 1490 1634; x_wconf 88' lang='lat' dir='ltr'>terutrius</span> <span class='ocrx_word' id='word_1_1218' title='bbox 1513 1603 1600 1643; x_wconf 85' lang='lat' dir='ltr'>Regis</span> <span class='ocrx_word' id='word_1_1219' title='bbox 1615 1604 1768 1642; x_wconf 87' lang='lat' dir='ltr'>Subditus,</span> <span class='ocrx_word' id='word_1_1220' title='bbox 1786 1606 1817 1635; x_wconf 90' lang='lat' dir='ltr'>in</span> <span class='ocrx_word' id='word_1_1221' title='bbox 1839 1605 1950 1636; x_wconf 87' lang='lat' dir='ltr'>alterius</span> <span class='ocrx_word' id='word_1_1222' title='bbox 1962 1606 2121 1637; x_wconf 89' lang='lat' dir='ltr'>Territorio</span> <span class='ocrx_word' id='word_1_1223' title='bbox 2142 1607 2270 1646; x_wconf 87' lang='lat' dir='ltr'>ledatur,</span> <span class='ocrx_word' id='word_1_1224' title='bbox 2288 1610 2332 1640; x_wconf 90' lang='lat' dir='ltr'>vel</span> <span class='ocrx_word' id='word_1_1225' title='bbox 2349 1609 2427 1646; x_wconf 87' lang='lat' dir='ltr'>Inju-</span> 
     </span>
     <span class='ocr_line' id='line_1_147' title="bbox 1359 1642 2423 1686; baseline 0.006 -14"><span class='ocrx_word' id='word_1_1226' title='bbox 1359 1642 1398 1671; x_wconf 86' lang='lat' dir='ltr'>ria</span> <span class='ocrx_word' id='word_1_1227' title='bbox 1414 1643 1470 1673; x_wconf 87' lang='lat' dir='ltr'>sive</span> <span class='ocrx_word' id='word_1_1228' title='bbox 1494 1642 1678 1674; x_wconf 76' lang='lat' dir='ltr'>DetrImento</span> <span class='ocrx_word' id='word_1_1229' title='bbox 1694 1643 1846 1682; x_wconf 82' lang='lat' dir='ltr'>afficiatur,</span> <span class='ocrx_word' id='word_1_1230' title='bbox 1862 1645 2004 1674; x_wconf 88' lang='lat' dir='ltr'>tenebitur</span> <span class='ocrx_word' id='word_1_1231' title='bbox 2023 1645 2085 1675; x_wconf 79' lang='lat' dir='ltr'>Rex</span> <span class='ocrx_word' id='word_1_1232' title='bbox 2107 1645 2182 1676; x_wconf 85' lang='lat' dir='ltr'>istius</span> <span class='ocrx_word' id='word_1_1233' title='bbox 2203 1648 2262 1677; x_wconf 91' lang='lat' dir='ltr'>loci</span> <span class='ocrx_word' id='word_1_1234' title='bbox 2283 1648 2317 1678; x_wconf 85' lang='lat' dir='ltr'>ad</span> <span class='ocrx_word' id='word_1_1235' title='bbox 2335 1648 2423 1686; x_wconf 87' lang='lat' dir='ltr'>Justi-</span> 
     </span>
     <span class='ocr_line' id='line_1_148' title="bbox 1359 1681 2427 1725; baseline 0.007 -14"><span class='ocrx_word' id='word_1_1236' title='bbox 1359 1681 1428 1711; x_wconf 85' lang='lat' dir='ltr'>tiam</span> <span class='ocrx_word' id='word_1_1237' title='bbox 1443 1681 1483 1711; x_wconf 91' lang='lat' dir='ltr'>illi</span> <span class='ocrx_word' id='word_1_1238' title='bbox 1499 1681 1769 1720; x_wconf 86' lang='lat' dir='ltr'>administrandam,</span> <span class='ocrx_word' id='word_1_1239' title='bbox 1789 1682 1944 1713; x_wconf 89' lang='lat' dir='ltr'>secundum</span> <span class='ocrx_word' id='word_1_1240' title='bbox 1962 1682 2031 1720; x_wconf 93' lang='lat' dir='ltr'>Jura</span> <span class='ocrx_word' id='word_1_1241' title='bbox 2048 1686 2081 1716; x_wconf 64' lang='grc' dir='ltr'>ὃ(</span> <span class='ocrx_word' id='word_1_1242' title='bbox 2098 1684 2202 1723; x_wconf 87' lang='lat' dir='ltr'>Leges,</span> <span class='ocrx_word' id='word_1_1243' title='bbox 2228 1685 2315 1723; x_wconf 88' lang='lat' dir='ltr'>idque</span> <span class='ocrx_word' id='word_1_1244' title='bbox 2327 1697 2427 1725; x_wconf 86' lang='lat' dir='ltr'>prom-</span> 
     </span>
     <span class='ocr_line' id='line_1_149' title="bbox 1358 1720 2423 1761; baseline 0.006 -12"><span class='ocrx_word' id='word_1_1245' title='bbox 1358 1728 1406 1757; x_wconf 91' lang='lat' dir='ltr'>pte</span> <span class='ocrx_word' id='word_1_1246' title='bbox 1424 1720 1458 1751; x_wconf 86' lang='lat'>&amp;</span> <span class='ocrx_word' id='word_1_1247' title='bbox 1479 1721 1537 1751; x_wconf 87' lang='lat' dir='ltr'>fine</span> <span class='ocrx_word' id='word_1_1248' title='bbox 1560 1721 1715 1758; x_wconf 86' lang='lat' dir='ltr'>dilatione,</span> <span class='ocrx_word' id='word_1_1249' title='bbox 1739 1730 1878 1760; x_wconf 86' lang='lat' dir='ltr'>quantum</span> <span class='ocrx_word' id='word_1_1250' title='bbox 1892 1731 1941 1759; x_wconf 88' lang='lat' dir='ltr'>per</span> <span class='ocrx_word' id='word_1_1251' title='bbox 1959 1722 2053 1761; x_wconf 83' lang='lat' dir='ltr'>Leges</span> <span class='ocrx_word' id='word_1_1252' title='bbox 2069 1723 2102 1753; x_wconf 89' lang='lat'>&amp;</span> <span class='ocrx_word' id='word_1_1253' title='bbox 2119 1722 2348 1754; x_wconf 74' lang='lat' dir='ltr'>Coni’cituuones</span> <span class='ocrx_word' id='word_1_1254' title='bbox 2363 1725 2423 1756; x_wconf 86' lang='lat' dir='ltr'>Re-</span> 
     </span>
     <span class='ocr_line' id='line_1_150' title="bbox 1359 1759 2422 1826; baseline 0.007 -38"><span class='ocrx_word' id='word_1_1255' title='bbox 1359 1759 1456 1826; x_wconf 54' lang='lat' dir='ltr'>}rionis</span> <span class='ocrx_word' id='word_1_1256' title='bbox 1477 1759 1536 1790; x_wconf 86' lang='lat' dir='ltr'>fieri</span> <span class='ocrx_word' id='word_1_1257' title='bbox 1555 1761 1661 1797; x_wconf 86' lang='lat' dir='ltr'>poterit</span> <span class='ocrx_word' id='word_1_1258' title='bbox 1676 1783 1686 1798; x_wconf 93' lang='lat'>,</span> <span class='ocrx_word' id='word_1_1259' title='bbox 1710 1761 1752 1790; x_wconf 91' lang='lat' dir='ltr'>uti</span> <span class='ocrx_word' id='word_1_1260' title='bbox 1769 1761 1857 1790; x_wconf 89' lang='lat' dir='ltr'>etiam</span> <span class='ocrx_word' id='word_1_1261' title='bbox 1875 1760 1910 1791; x_wconf 86' lang='lat' dir='ltr'>ad</span> <span class='ocrx_word' id='word_1_1262' title='bbox 1928 1770 1995 1791; x_wconf 88' lang='lat' dir='ltr'>eum</span> <span class='ocrx_word' id='word_1_1263' title='bbox 2019 1762 2197 1800; x_wconf 86' lang='lat' dir='ltr'>puniendum</span> <span class='ocrx_word' id='word_1_1264' title='bbox 2215 1764 2264 1802; x_wconf 88' lang='lat' dir='ltr'>qui</span> <span class='ocrx_word' id='word_1_1265' title='bbox 2283 1762 2422 1803; x_wconf 78' lang='lat' dir='ltr'>injuriam</span> 
     </span>
    </p>

    <p class='ocr_par' dir='ltr' id='par_1_31' title="bbox 1372 1806 2284 1828">
     <span class='ocr_line' id='line_1_151' title="bbox 1372 1806 2284 1828; baseline 0.008 -2"><span class='ocrx_word' id='word_1_1266' title='bbox 1372 1806 1466 1828; x_wconf 87' lang='lat' dir='ltr'>ecerit.</span> <span class='ocrx_word' id='word_1_1267' title='bbox 2281 1823 2284 1826; x_wconf 64' lang='grc'><strong><em>«</em></strong></span> 
     </span>
    </p>

    <p class='ocr_par' dir='ltr' id='par_1_32' title="bbox 1354 1837 2426 2099">
     <span class='ocr_line' id='line_1_152' title="bbox 1400 1837 2426 1879; baseline 0.008 -14"><span class='ocrx_word' id='word_1_1268' title='bbox 1400 1845 1446 1873; x_wconf 90' lang='lat'>17.</span> <span class='ocrx_word' id='word_1_1269' title='bbox 1464 1837 1673 1875; x_wconf 89' lang='lat' dir='ltr'>Conventum,</span> <span class='ocrx_word' id='word_1_1270' title='bbox 1687 1837 1898 1868; x_wconf 81' lang='lat' dir='ltr'>concordatum</span> <span class='ocrx_word' id='word_1_1271' title='bbox 1917 1837 1950 1868; x_wconf 76' lang='grc' dir='ltr'>δε</span> <span class='ocrx_word' id='word_1_1272' title='bbox 1969 1837 2137 1868; x_wconf 88' lang='lat' dir='ltr'>conclusum</span> <span class='ocrx_word' id='word_1_1273' title='bbox 2157 1839 2199 1870; x_wconf 89' lang='lat' dir='ltr'>est</span> <span class='ocrx_word' id='word_1_1274' title='bbox 2215 1864 2224 1877; x_wconf 78' lang='grc'>,</span> <span class='ocrx_word' id='word_1_1275' title='bbox 2248 1840 2326 1879; x_wconf 90' lang='lat' dir='ltr'>quod</span> <span class='ocrx_word' id='word_1_1276' title='bbox 2351 1842 2426 1874; x_wconf 86' lang='lat' dir='ltr'>nulla</span> 
     </span>
     <span class='ocr_line' id='line_1_153' title="bbox 1358 1875 2424 1917; baseline 0.007 -13"><span class='ocrx_word' id='word_1_1277' title='bbox 1358 1875 1467 1911; x_wconf 85' lang='lat' dir='ltr'>privata</span> <span class='ocrx_word' id='word_1_1278' title='bbox 1495 1875 1599 1914; x_wconf 88' lang='lat' dir='ltr'>Injuria</span> <span class='ocrx_word' id='word_1_1279' title='bbox 1619 1875 1712 1906; x_wconf 90' lang='lat' dir='ltr'>Fedus</span> <span class='ocrx_word' id='word_1_1280' title='bbox 1732 1876 1790 1906; x_wconf 85' lang='lat' dir='ltr'>lioc</span> <span class='ocrx_word' id='word_1_1281' title='bbox 1809 1877 1868 1906; x_wconf 88' lang='lat' dir='ltr'>ullo</span> <span class='ocrx_word' id='word_1_1282' title='bbox 1892 1876 1983 1906; x_wconf 90' lang='lat' dir='ltr'>modo</span> <span class='ocrx_word' id='word_1_1283' title='bbox 2001 1875 2154 1908; x_wconf 78' lang='lat' dir='ltr'>infirmabit</span> <span class='ocrx_word' id='word_1_1284' title='bbox 2175 1902 2184 1916; x_wconf 88' lang='lat'>,</span> <span class='ocrx_word' id='word_1_1285' title='bbox 2211 1889 2306 1917; x_wconf 87' lang='lat' dir='ltr'>neque</span> <span class='ocrx_word' id='word_1_1286' title='bbox 2324 1881 2424 1912; x_wconf 87' lang='lat' dir='ltr'>odium</span> 
     </span>
     <span class='ocr_line' id='line_1_154' title="bbox 1356 1914 2423 1955; baseline 0.007 -12"><span class='ocrx_word' id='word_1_1287' title='bbox 1356 1922 1404 1943; x_wconf 87' lang='lat' dir='ltr'>aut</span> <span class='ocrx_word' id='word_1_1288' title='bbox 1424 1924 1573 1944; x_wconf 79' lang='lat' dir='ltr'>rancorem</span> <span class='ocrx_word' id='word_1_1289' title='bbox 1592 1915 1666 1944; x_wconf 88' lang='lat' dir='ltr'>inter</span> <span class='ocrx_word' id='word_1_1290' title='bbox 1684 1914 1823 1952; x_wconf 67' lang='lat' dir='ltr'>predictas</span> <span class='ocrx_word' id='word_1_1291' title='bbox 1840 1916 1972 1945; x_wconf 78' lang='lat' dir='ltr'>nationes</span> <span class='ocrx_word' id='word_1_1292' title='bbox 1995 1915 2158 1954; x_wconf 76' lang='lat' dir='ltr'>suscitabit,</span> <span class='ocrx_word' id='word_1_1293' title='bbox 2186 1917 2230 1947; x_wconf 91' lang='lat' dir='ltr'>sed</span> <span class='ocrx_word' id='word_1_1294' title='bbox 2250 1919 2367 1955; x_wconf 83' lang='lat' dir='ltr'>quilibet</span> <span class='ocrx_word' id='word_1_1295' title='bbox 2385 1920 2423 1951; x_wconf 89' lang='lat' dir='ltr'>de</span> 
     </span>
     <span class='ocr_line' id='line_1_155' title="bbox 1360 1951 2423 1994; baseline 0.008 -12"><span class='ocrx_word' id='word_1_1296' title='bbox 1360 1951 1452 1982; x_wconf 64' lang='lat' dir='ltr'>Facto</span> <span class='ocrx_word' id='word_1_1297' title='bbox 1470 1953 1519 1983; x_wconf 92' lang='lat' dir='ltr'>suo</span> <span class='ocrx_word' id='word_1_1298' title='bbox 1537 1953 1714 1990; x_wconf 88' lang='lat' dir='ltr'>respondebit</span> <span class='ocrx_word' id='word_1_1299' title='bbox 1725 1975 1734 1991; x_wconf 85' lang='lat'>,</span> <span class='ocrx_word' id='word_1_1300' title='bbox 1754 1953 1846 1991; x_wconf 89' lang='lat' dir='ltr'>deque</span> <span class='ocrx_word' id='word_1_1301' title='bbox 1860 1963 1896 1983; x_wconf 91' lang='lat' dir='ltr'>eo</span> <span class='ocrx_word' id='word_1_1302' title='bbox 1911 1954 2068 1990; x_wconf 87' lang='lat' dir='ltr'>tenebitur,</span> <span class='ocrx_word' id='word_1_1303' title='bbox 2090 1964 2182 1994; x_wconf 85' lang='lat' dir='ltr'>neque</span> <span class='ocrx_word' id='word_1_1304' title='bbox 2196 1965 2244 1994; x_wconf 88' lang='lat' dir='ltr'>per</span> <span class='ocrx_word' id='word_1_1305' title='bbox 2253 1955 2423 1994; x_wconf 80' lang='lat' dir='ltr'>Reprisalias</span> 
     </span>
     <span class='ocr_line' id='line_1_156' title="bbox 1354 1991 2422 2032; baseline 0.007 -12"><span class='ocrx_word' id='word_1_1306' title='bbox 1354 2000 1401 2021; x_wconf 89' lang='lat' dir='ltr'>aut</span> <span class='ocrx_word' id='word_1_1307' title='bbox 1413 1991 1481 2021; x_wconf 88' lang='lat' dir='ltr'>alios</span> <span class='ocrx_word' id='word_1_1308' title='bbox 1495 1991 1657 2030; x_wconf 88' lang='lat' dir='ltr'>hujusmodi</span> <span class='ocrx_word' id='word_1_1309' title='bbox 1672 1991 1787 2022; x_wconf 84' lang='lat' dir='ltr'>odiosos</span> <span class='ocrx_word' id='word_1_1310' title='bbox 1807 1992 1954 2022; x_wconf 79' lang='lat' dir='ltr'>Procelsus</span> <span class='ocrx_word' id='word_1_1311' title='bbox 1970 1993 2036 2022; x_wconf 74' lang='lat' dir='ltr'>alius</span> <span class='ocrx_word' id='word_1_1312' title='bbox 2054 1993 2082 2022; x_wconf 85' lang='lat' dir='ltr'>id</span> <span class='ocrx_word' id='word_1_1313' title='bbox 2096 1993 2162 2024; x_wconf 90' lang='lat' dir='ltr'>licet</span> <span class='ocrx_word' id='word_1_1314' title='bbox 2178 1995 2209 2024; x_wconf 92' lang='lat' dir='ltr'>iri</span> <span class='ocrx_word' id='word_1_1315' title='bbox 2225 2005 2282 2032; x_wconf 87' lang='lat' dir='ltr'>quo</span> <span class='ocrx_word' id='word_1_1316' title='bbox 2297 1996 2364 2027; x_wconf 88' lang='lat' dir='ltr'>alius</span> <span class='ocrx_word' id='word_1_1317' title='bbox 2372 1999 2422 2030; x_wconf 86' lang='lat' dir='ltr'>de-</span> 
     </span>
     <span class='ocr_line' id='line_1_157' title="bbox 1355 2029 2422 2099; baseline 0.007 -39"><span class='ocrx_word' id='word_1_1318' title='bbox 1355 2029 1455 2099; x_wconf 53' lang='lat' dir='ltr'>gqgit,</span> <span class='ocrx_word' id='word_1_1319' title='bbox 1473 2030 1520 2060; x_wconf 87' lang='lat' dir='ltr'>sed</span> <span class='ocrx_word' id='word_1_1320' title='bbox 1536 2030 1592 2070; x_wconf 91' lang='lat' dir='ltr'>ipse</span> <span class='ocrx_word' id='word_1_1321' title='bbox 1605 2031 1708 2061; x_wconf 86' lang='lat' dir='ltr'>author</span> <span class='ocrx_word' id='word_1_1322' title='bbox 1723 2030 1759 2060; x_wconf 88' lang='lat' dir='ltr'>de</span> <span class='ocrx_word' id='word_1_1323' title='bbox 1772 2030 1850 2062; x_wconf 65' lang='lat' dir='ltr'>facto</span> <span class='ocrx_word' id='word_1_1324' title='bbox 1867 2031 1916 2061; x_wconf 91' lang='lat' dir='ltr'>suo</span> <span class='ocrx_word' id='word_1_1325' title='bbox 1930 2032 1989 2069; x_wconf 83' lang='lat' dir='ltr'>jure</span> <span class='ocrx_word' id='word_1_1326' title='bbox 2006 2031 2107 2069; x_wconf 84' lang='lat' dir='ltr'>absque</span> <span class='ocrx_word' id='word_1_1327' title='bbox 2121 2034 2204 2064; x_wconf 88' lang='lat' dir='ltr'>omni</span> <span class='ocrx_word' id='word_1_1328' title='bbox 2218 2044 2297 2065; x_wconf 83' lang='lat' dir='ltr'>mora</span> <span class='ocrx_word' id='word_1_1329' title='bbox 2307 2035 2422 2075; x_wconf 84' lang='lat' dir='ltr'>respon-</span> 
     </span>
    </p>

    <p class='ocr_par' dir='ltr' id='par_1_33' title="bbox 1380 2077 1450 2099">
     <span class='ocr_line' id='line_1_158' title="bbox 1380 2077 1450 2099; baseline 0 0"><span class='ocrx_word' id='word_1_1330' title='bbox 1380 2079 1395 2099; x_wconf 88' lang='lat' dir='ltr'>e</span> <span class='ocrx_word' id='word_1_1331' title='bbox 1417 2077 1450 2099; x_wconf 83' lang='lat' dir='ltr'>it.</span> 
     </span>
    </p>

    <p class='ocr_par' dir='ltr' id='par_1_34' title="bbox 1354 2107 2424 2331">
     <span class='ocr_line' id='line_1_159' title="bbox 1394 2107 2422 2150; baseline 0.008 -13"><span class='ocrx_word' id='word_1_1332' title='bbox 1394 2107 1439 2137; x_wconf 81' lang='lat'>18.</span> <span class='ocrx_word' id='word_1_1333' title='bbox 1458 2107 1669 2146; x_wconf 81' lang='lat' dir='ltr'>Conventum,</span> <span class='ocrx_word' id='word_1_1334' title='bbox 1687 2107 1900 2139; x_wconf 86' lang='lat' dir='ltr'>concordatum</span> <span class='ocrx_word' id='word_1_1335' title='bbox 1919 2107 1952 2139; x_wconf 64' lang='grc' dir='ltr'>ὃς</span> <span class='ocrx_word' id='word_1_1336' title='bbox 1970 2108 2138 2139; x_wconf 85' lang='lat' dir='ltr'>conclusum</span> <span class='ocrx_word' id='word_1_1337' title='bbox 2159 2110 2218 2149; x_wconf 87' lang='lat' dir='ltr'>est,</span> <span class='ocrx_word' id='word_1_1338' title='bbox 2236 2112 2314 2150; x_wconf 78' lang='lat' dir='ltr'>qu&#39;od</span> <span class='ocrx_word' id='word_1_1339' title='bbox 2331 2113 2349 2143; x_wconf 87' lang='lat' dir='ltr'>fi</span> <span class='ocrx_word' id='word_1_1340' title='bbox 2365 2115 2422 2145; x_wconf 89' lang='lat' dir='ltr'>im-</span> 
     </span>
     <span class='ocr_line' id='line_1_160' title="bbox 1354 2145 2421 2186; baseline 0.007 -10"><span class='ocrx_word' id='word_1_1341' title='bbox 1354 2147 1518 2185; x_wconf 79' lang='lat' dir='ltr'>posterum,</span> <span class='ocrx_word' id='word_1_1342' title='bbox 1540 2147 1631 2186; x_wconf 84' lang='lat' dir='ltr'>(quod</span> <span class='ocrx_word' id='word_1_1343' title='bbox 1648 2156 1743 2177; x_wconf 85' lang='lat' dir='ltr'>tamen</span> <span class='ocrx_word' id='word_1_1344' title='bbox 1759 2145 1821 2178; x_wconf 89' lang='lat' dir='ltr'>fore</span> <span class='ocrx_word' id='word_1_1345' title='bbox 1835 2157 1895 2177; x_wconf 86' lang='lat' dir='ltr'>non</span> <span class='ocrx_word' id='word_1_1346' title='bbox 1907 2147 2046 2184; x_wconf 80' lang='lat' dir='ltr'>speramus</span> <span class='ocrx_word' id='word_1_1347' title='bbox 2062 2150 2095 2180; x_wconf 62' lang='grc' dir='ltr'>ὃς</span> <span class='ocrx_word' id='word_1_1348' title='bbox 2113 2159 2143 2180; x_wconf 87' lang='lat' dir='ltr'>ut</span> <span class='ocrx_word' id='word_1_1349' title='bbox 2164 2150 2246 2181; x_wconf 75' lang='lat' dir='ltr'>Deus</span> <span class='ocrx_word' id='word_1_1350' title='bbox 2264 2152 2421 2183; x_wconf 87' lang='lat' dir='ltr'>clementer</span> 
     </span>
     <span class='ocr_line' id='line_1_161' title="bbox 1354 2185 2424 2229; baseline 0.007 -14"><span class='ocrx_word' id='word_1_1351' title='bbox 1354 2194 1463 2217; x_wconf 83' lang='lat' dir='ltr'>avertat</span> <span class='ocrx_word' id='word_1_1352' title='bbox 1478 2185 1604 2222; x_wconf 87' lang='lat' dir='ltr'>oramus)</span> <span class='ocrx_word' id='word_1_1353' title='bbox 1625 2185 1735 2216; x_wconf 87' lang='lat' dir='ltr'>diffidia</span> <span class='ocrx_word' id='word_1_1354' title='bbox 1750 2186 1872 2224; x_wconf 83' lang='lat' dir='ltr'>quedam</span> <span class='ocrx_word' id='word_1_1355' title='bbox 1887 2194 1934 2216; x_wconf 83' lang='lat' dir='ltr'>aut</span> <span class='ocrx_word' id='word_1_1356' title='bbox 1945 2188 2153 2218; x_wconf 87' lang='lat' dir='ltr'>controversias</span> <span class='ocrx_word' id='word_1_1357' title='bbox 2171 2189 2243 2219; x_wconf 87' lang='lat' dir='ltr'>inter</span> <span class='ocrx_word' id='word_1_1358' title='bbox 2260 2189 2311 2220; x_wconf 84' lang='lat' dir='ltr'>lios</span> <span class='ocrx_word' id='word_1_1359' title='bbox 2327 2190 2424 2229; x_wconf 78' lang='lat' dir='ltr'>Reges</span> 
     </span>
     <span class='ocr_line' id='line_1_162' title="bbox 1355 2224 2423 2267; baseline 0.006 -13"><span class='ocrx_word' id='word_1_1360' title='bbox 1355 2224 1401 2254; x_wconf 90' lang='lat' dir='ltr'>vel</span> <span class='ocrx_word' id='word_1_1361' title='bbox 1424 2224 1526 2262; x_wconf 76' lang='lat' dir='ltr'>Regna</span> <span class='ocrx_word' id='word_1_1362' title='bbox 1544 2226 1612 2255; x_wconf 86' lang='lat' dir='ltr'>oriri</span> <span class='ocrx_word' id='word_1_1363' title='bbox 1634 2226 1782 2255; x_wconf 68' lang='lat' dir='ltr'>coiitirioat</span> <span class='ocrx_word' id='word_1_1364' title='bbox 1798 2249 1807 2264; x_wconf 78' lang='grc'>,</span> <span class='ocrx_word' id='word_1_1365' title='bbox 1835 2225 1981 2255; x_wconf 81' lang='lat' dir='ltr'>amicabili</span> <span class='ocrx_word' id='word_1_1366' title='bbox 2006 2226 2192 2257; x_wconf 67' lang='lat' dir='ltr'>‘t‘rarz&#39;tauone</span> <span class='ocrx_word' id='word_1_1367' title='bbox 2217 2231 2423 2267; x_wconf 85' lang='lat' dir='ltr'>componende</span> 
     </span>
     <span class='ocr_line' id='line_1_163' title="bbox 1356 2250 2424 2331; baseline 0.007 -38"><span class='ocrx_word' id='word_1_1368' title='bbox 1356 2271 1457 2331; x_wconf 46' lang='lat' dir='ltr'>Erunt,</span> <span class='ocrx_word' id='word_1_1369' title='bbox 1476 2264 1567 2304; x_wconf 81' lang='lat' dir='ltr'>neque</span> <span class='ocrx_word' id='word_1_1370' title='bbox 1583 2264 1623 2294; x_wconf 89' lang='lat' dir='ltr'>ob</span> <span class='ocrx_word' id='word_1_1371' title='bbox 1637 2263 1666 2294; x_wconf 92' lang='lat' dir='ltr'>id</span> <span class='ocrx_word' id='word_1_1372' title='bbox 1685 2250 1796 2302; x_wconf 66' lang='lat' dir='ltr'>presens</span> <span class='ocrx_word' id='word_1_1373' title='bbox 1812 2263 1904 2294; x_wconf 88' lang='lat' dir='ltr'>Fedus</span> <span class='ocrx_word' id='word_1_1374' title='bbox 1925 2263 1984 2294; x_wconf 91' lang='lat' dir='ltr'>ullo</span> <span class='ocrx_word' id='word_1_1375' title='bbox 2007 2266 2098 2295; x_wconf 88' lang='lat' dir='ltr'>modo</span> <span class='ocrx_word' id='word_1_1376' title='bbox 2112 2265 2226 2297; x_wconf 86' lang='lat' dir='ltr'>tolletur</span> <span class='ocrx_word' id='word_1_1377' title='bbox 2243 2277 2289 2298; x_wconf 88' lang='lat' dir='ltr'>aut</span> <span class='ocrx_word' id='word_1_1378' title='bbox 2311 2269 2424 2301; x_wconf 82' lang='lat' dir='ltr'>irritum</span> 
     </span>
    </p>

    <p class='ocr_par' dir='ltr' id='par_1_35' title="bbox 1379 2309 2231 2332">
     <span class='ocr_line' id='line_1_164' title="bbox 1379 2309 2231 2332; baseline 0.005 0"><span class='ocrx_word' id='word_1_1379' title='bbox 1379 2309 1417 2332; x_wconf 90' lang='lat' dir='ltr'>et.</span> <span class='ocrx_word' id='word_1_1380' title='bbox 2229 2320 2231 2322; x_wconf 96' lang='lat'>·</span> 
     </span>
    </p>

    <p class='ocr_par' dir='ltr' id='par_1_36' title="bbox 1355 2340 2429 2573">
     <span class='ocr_line' id='line_1_165' title="bbox 1396 2340 2429 2384; baseline 0.007 -14"><span class='ocrx_word' id='word_1_1381' title='bbox 1396 2350 1444 2380; x_wconf 89' lang='lat'>19.</span> <span class='ocrx_word' id='word_1_1382' title='bbox 1465 2341 1544 2381; x_wconf 81' lang='lat' dir='ltr'>Quia</span> <span class='ocrx_word' id='word_1_1383' title='bbox 1560 2342 1646 2373; x_wconf 86' lang='lat' dir='ltr'>etiarn</span> <span class='ocrx_word' id='word_1_1384' title='bbox 1669 2341 1761 2381; x_wconf 61' lang='lat' dir='ltr'>Infids»</span> <span class='ocrx_word' id='word_1_1385' title='bbox 1775 2340 1894 2371; x_wconf 82' lang='lat' dir='ltr'>Orcades</span> <span class='ocrx_word' id='word_1_1386' title='bbox 1915 2342 1950 2372; x_wconf 86' lang='lat'>&amp;</span> <span class='ocrx_word' id='word_1_1387' title='bbox 1965 2341 2251 2382; x_wconf 69' lang='lat' dir='ltr'>Schetland,&#39;abfque</span> <span class='ocrx_word' id='word_1_1388' title='bbox 2271 2345 2429 2384; x_wconf 83' lang='lat' dir='ltr'>prejudicio</span> 
     </span>
     <span class='ocr_line' id='line_1_166' title="bbox 1356 2379 2425 2421; baseline 0.005 -10"><span class='ocrx_word' id='word_1_1389' title='bbox 1356 2379 1559 2411; x_wconf 78' lang='lat' dir='ltr'>Succefforurn</span> <span class='ocrx_word' id='word_1_1390' title='bbox 1577 2382 1614 2411; x_wconf 90' lang='lat' dir='ltr'>ab</span> <span class='ocrx_word' id='word_1_1391' title='bbox 1638 2380 1692 2411; x_wconf 87' lang='lat' dir='ltr'>hac</span> <span class='ocrx_word' id='word_1_1392' title='bbox 1707 2380 1896 2410; x_wconf 62' lang='lat' dir='ltr'>Tractatione</span> <span class='ocrx_word' id='word_1_1393' title='bbox 1919 2380 2029 2410; x_wconf 80' lang='lat' dir='ltr'>excludi</span> <span class='ocrx_word' id='word_1_1394' title='bbox 2053 2391 2212 2421; x_wconf 84' lang='lat' dir='ltr'>nequeunt,</span> <span class='ocrx_word' id='word_1_1395' title='bbox 2233 2383 2425 2416; x_wconf 88' lang='lat' dir='ltr'>Conventum</span> 
     </span>
     <span class='ocr_line' id='line_1_167' title="bbox 1357 2418 2425 2458; baseline 0.007 -10"><span class='ocrx_word' id='word_1_1396' title='bbox 1357 2419 1422 2449; x_wconf 88' lang='lat' dir='ltr'>ideo</span> <span class='ocrx_word' id='word_1_1397' title='bbox 1433 2442 1442 2457; x_wconf 92' lang='lat'>,</span> <span class='ocrx_word' id='word_1_1398' title='bbox 1461 2419 1673 2450; x_wconf 87' lang='lat' dir='ltr'>concordatum</span> <span class='ocrx_word' id='word_1_1399' title='bbox 1687 2421 1720 2451; x_wconf 75' lang='grc' dir='ltr'>ὅτ</span> <span class='ocrx_word' id='word_1_1400' title='bbox 1737 2419 1905 2449; x_wconf 83' lang='lat' dir='ltr'>conclusum</span> <span class='ocrx_word' id='word_1_1401' title='bbox 1928 2418 1986 2457; x_wconf 82' lang='lat' dir='ltr'>est,</span> <span class='ocrx_word' id='word_1_1402' title='bbox 2004 2419 2083 2458; x_wconf 87' lang='lat' dir='ltr'>quod</span> <span class='ocrx_word' id='word_1_1403' title='bbox 2103 2422 2197 2450; x_wconf 85' lang='lat' dir='ltr'>omnis</span> <span class='ocrx_word' id='word_1_1404' title='bbox 2221 2422 2288 2453; x_wconf 88' lang='lat' dir='ltr'>inde</span> <span class='ocrx_word' id='word_1_1405' title='bbox 2301 2424 2330 2453; x_wconf 83' lang='lat' dir='ltr'>T</span> <span class='ocrx_word' id='word_1_1406' title='bbox 2333 2425 2425 2455; x_wconf 60' lang='lat' dir='ltr'>raeti-</span> 
     </span>
     <span class='ocr_line' id='line_1_168' title="bbox 1356 2457 2425 2502; baseline 0.006 -14"><span class='ocrx_word' id='word_1_1407' title='bbox 1356 2466 1400 2488; x_wconf 87' lang='lat' dir='ltr'>tus</span> <span class='ocrx_word' id='word_1_1408' title='bbox 1413 2457 1533 2490; x_wconf 88' lang='lat' dir='ltr'>durante</span> <span class='ocrx_word' id='word_1_1409' title='bbox 1547 2458 1686 2498; x_wconf 86' lang='lat' dir='ltr'>utriusque</span> <span class='ocrx_word' id='word_1_1410' title='bbox 1701 2459 1747 2488; x_wconf 89' lang='lat' dir='ltr'>vel</span> <span class='ocrx_word' id='word_1_1411' title='bbox 1764 2458 1918 2488; x_wconf 81' lang='lat' dir='ltr'>alterutrius</span> <span class='ocrx_word' id='word_1_1412' title='bbox 1929 2457 2021 2495; x_wconf 86' lang='lat' dir='ltr'>Regis</span> <span class='ocrx_word' id='word_1_1413' title='bbox 2036 2460 2092 2488; x_wconf 86' lang='lat' dir='ltr'>vita</span> <span class='ocrx_word' id='word_1_1414' title='bbox 2103 2483 2111 2497; x_wconf 88' lang='lat'>,</span> <span class='ocrx_word' id='word_1_1415' title='bbox 2129 2460 2271 2499; x_wconf 85' lang='lat' dir='ltr'>quiescet,</span> <span class='ocrx_word' id='word_1_1416' title='bbox 2290 2472 2380 2502; x_wconf 85' lang='lat' dir='ltr'>neque</span> <span class='ocrx_word' id='word_1_1417' title='bbox 2388 2464 2425 2494; x_wconf 86' lang='lat' dir='ltr'>de</span> 
     </span>
     <span class='ocr_line' id='line_1_169' title="bbox 1355 2496 2423 2535; baseline 0.006 -9"><span class='ocrx_word' id='word_1_1418' title='bbox 1355 2506 1388 2526; x_wconf 87' lang='lat' dir='ltr'>ea</span> <span class='ocrx_word' id='word_1_1419' title='bbox 1407 2507 1438 2526; x_wconf 87' lang='lat' dir='ltr'>re</span> <span class='ocrx_word' id='word_1_1420' title='bbox 1451 2498 1605 2535; x_wconf 86' lang='lat' dir='ltr'>quicquam</span> <span class='ocrx_word' id='word_1_1421' title='bbox 1624 2497 1811 2535; x_wconf 87' lang='lat' dir='ltr'>movebitur,</span> <span class='ocrx_word' id='word_1_1422' title='bbox 1830 2498 1912 2526; x_wconf 88' lang='lat' dir='ltr'>omni</span> <span class='ocrx_word' id='word_1_1423' title='bbox 1928 2496 2098 2535; x_wconf 88' lang='lat' dir='ltr'>tamenJure</span> <span class='ocrx_word' id='word_1_1424' title='bbox 2114 2498 2333 2531; x_wconf 82' lang='lat' dir='ltr'>Succefforibus</span> <span class='ocrx_word' id='word_1_1425' title='bbox 2348 2502 2423 2532; x_wconf 86' lang='lat' dir='ltr'>sem-</span> 
     </span>
     <span class='ocr_line' id='line_1_170' title="bbox 1359 2535 1865 2573; baseline 0 -8"><span class='ocrx_word' id='word_1_1426' title='bbox 1359 2545 1409 2573; x_wconf 84' lang='lat' dir='ltr'>per</span> <span class='ocrx_word' id='word_1_1427' title='bbox 1424 2535 1457 2566; x_wconf 86' lang='lat'>&amp;</span> <span class='ocrx_word' id='word_1_1428' title='bbox 1473 2537 1502 2566; x_wconf 91' lang='lat' dir='ltr'>in</span> <span class='ocrx_word' id='word_1_1429' title='bbox 1520 2544 1616 2567; x_wconf 89' lang='lat' dir='ltr'>totum</span> <span class='ocrx_word' id='word_1_1430' title='bbox 1631 2535 1706 2566; x_wconf 85' lang='lat' dir='ltr'>salvo</span> <span class='ocrx_word' id='word_1_1431' title='bbox 1722 2543 1865 2566; x_wconf 87' lang='lat' dir='ltr'>manente.</span> 
     </span>
    </p>

    <p class='ocr_par' dir='ltr' id='par_1_37' title="bbox 1354 2573 2427 2921">
     <span class='ocr_line' id='line_1_171' title="bbox 1396 2573 2427 2618; baseline 0.005 -15"><span class='ocrx_word' id='word_1_1432' title='bbox 1396 2582 1442 2604; x_wconf 87' lang='lat'>20.</span> <span class='ocrx_word' id='word_1_1433' title='bbox 1462 2573 1655 2605; x_wconf 87' lang='lat' dir='ltr'>Conventum</span> <span class='ocrx_word' id='word_1_1434' title='bbox 1669 2597 1678 2612; x_wconf 95' lang='lat'>,</span> <span class='ocrx_word' id='word_1_1435' title='bbox 1704 2574 1915 2604; x_wconf 87' lang='lat' dir='ltr'>concordatum</span> <span class='ocrx_word' id='word_1_1436' title='bbox 1943 2574 1977 2604; x_wconf 88' lang='lat'>&amp;</span> <span class='ocrx_word' id='word_1_1437' title='bbox 2000 2574 2169 2604; x_wconf 88' lang='lat' dir='ltr'>conclusum</span> <span class='ocrx_word' id='word_1_1438' title='bbox 2197 2575 2254 2614; x_wconf 84' lang='lat' dir='ltr'>est,</span> <span class='ocrx_word' id='word_1_1439' title='bbox 2279 2579 2356 2617; x_wconf 75' lang='lat' dir='ltr'>quod</span> <span class='ocrx_word' id='word_1_1440' title='bbox 2376 2589 2427 2618; x_wconf 87' lang='lat' dir='ltr'>pet</span> 
     </span>
     <span class='ocr_line' id='line_1_172' title="bbox 1357 2612 2425 2654; baseline 0.006 -12"><span class='ocrx_word' id='word_1_1441' title='bbox 1357 2613 1432 2643; x_wconf 88' lang='lat' dir='ltr'>nulla</span> <span class='ocrx_word' id='word_1_1442' title='bbox 1455 2612 1557 2650; x_wconf 64' lang='lat' dir='ltr'>Paua,</span> <span class='ocrx_word' id='word_1_1443' title='bbox 1583 2612 1819 2650; x_wconf 81' lang='lat' dir='ltr'>Conventiones,</span> <span class='ocrx_word' id='word_1_1444' title='bbox 1849 2612 1995 2643; x_wconf 86' lang='lat' dir='ltr'>Articulos</span> <span class='ocrx_word' id='word_1_1445' title='bbox 2010 2613 2064 2642; x_wconf 83' lang='lat' dir='ltr'>sive</span> <span class='ocrx_word' id='word_1_1446' title='bbox 2089 2612 2224 2651; x_wconf 75' lang='lat' dir='ltr'>Capitula</span> <span class='ocrx_word' id='word_1_1447' title='bbox 2246 2616 2425 2654; x_wconf 63' lang='lat' dir='ltr'>inpraesenti</span> 
     </span>
     <span class='ocr_line' id='line_1_173' title="bbox 1355 2649 2421 2689; baseline 0.008 -9"><span class='ocrx_word' id='word_1_1448' title='bbox 1355 2651 1483 2680; x_wconf 85' lang='lat' dir='ltr'>Foederis</span> <span class='ocrx_word' id='word_1_1449' title='bbox 1497 2651 1637 2682; x_wconf 69' lang='lat' dir='ltr'>Traecam</span> <span class='ocrx_word' id='word_1_1450' title='bbox 1651 2659 1785 2681; x_wconf 84' lang='lat' dir='ltr'>contenta</span> <span class='ocrx_word' id='word_1_1451' title='bbox 1796 2674 1804 2689; x_wconf 93' lang='lat'>,</span> <span class='ocrx_word' id='word_1_1452' title='bbox 1824 2649 1883 2680; x_wconf 88' lang='lat' dir='ltr'>ullo</span> <span class='ocrx_word' id='word_1_1453' title='bbox 1898 2651 1988 2681; x_wconf 84' lang='lat' dir='ltr'>modo</span> <span class='ocrx_word' id='word_1_1454' title='bbox 2004 2651 2196 2689; x_wconf 73' lang='lat' dir='ltr'>praecedentes</span> <span class='ocrx_word' id='word_1_1455' title='bbox 2205 2653 2359 2687; x_wconf 62' lang='lat' dir='ltr'>Tractatus</span> <span class='ocrx_word' id='word_1_1456' title='bbox 2372 2668 2421 2689; x_wconf 84' lang='lat' dir='ltr'>aut</span> 
     </span>
     <span class='ocr_line' id='line_1_174' title="bbox 1356 2689 2425 2733; baseline 0.007 -14"><span class='ocrx_word' id='word_1_1457' title='bbox 1356 2689 1480 2720; x_wconf 89' lang='lat' dir='ltr'>Foedera</span> <span class='ocrx_word' id='word_1_1458' title='bbox 1494 2691 1566 2720; x_wconf 88' lang='lat' dir='ltr'>inter</span> <span class='ocrx_word' id='word_1_1459' title='bbox 1582 2689 1792 2720; x_wconf 80' lang='lat' dir='ltr'>Confederatos</span> <span class='ocrx_word' id='word_1_1460' title='bbox 1809 2689 1962 2726; x_wconf 64' lang='lat' dir='ltr'>praedictos</span> <span class='ocrx_word' id='word_1_1461' title='bbox 1975 2698 2021 2720; x_wconf 88' lang='lat' dir='ltr'>aut</span> <span class='ocrx_word' id='word_1_1462' title='bbox 2036 2689 2099 2720; x_wconf 86' lang='lat' dir='ltr'>suos</span> <span class='ocrx_word' id='word_1_1463' title='bbox 2109 2689 2347 2733; x_wconf 78' lang='lat' dir='ltr'>Praedeceffores,</span> <span class='ocrx_word' id='word_1_1464' title='bbox 2364 2705 2425 2728; x_wconf 85' lang='lat' dir='ltr'>tarn</span> 
     </span>
     <span class='ocr_line' id='line_1_175' title="bbox 1356 2727 2423 2771; baseline 0.006 -14"><span class='ocrx_word' id='word_1_1465' title='bbox 1356 2737 1410 2767; x_wconf 89' lang='lat' dir='ltr'>pro</span> <span class='ocrx_word' id='word_1_1466' title='bbox 1424 2727 1534 2767; x_wconf 84' lang='lat' dir='ltr'>Regnis</span> <span class='ocrx_word' id='word_1_1467' title='bbox 1549 2727 1653 2765; x_wconf 83' lang='lat' dir='ltr'>Anglie</span> <span class='ocrx_word' id='word_1_1468' title='bbox 1663 2751 1673 2766; x_wconf 84' lang='lat'>,</span> <span class='ocrx_word' id='word_1_1469' title='bbox 1690 2731 1775 2757; x_wconf 83' lang='lat' dir='ltr'>Scotie</span> <span class='ocrx_word' id='word_1_1470' title='bbox 1789 2729 1822 2758; x_wconf 87' lang='lat'>&amp;</span> <span class='ocrx_word' id='word_1_1471' title='bbox 1837 2727 1968 2758; x_wconf 69' lang='lat' dir='ltr'>Hibernia</span> <span class='ocrx_word' id='word_1_1472' title='bbox 1992 2727 2165 2768; x_wconf 66' lang='lat' dir='ltr'>respective,</span> <span class='ocrx_word' id='word_1_1473' title='bbox 2184 2741 2270 2768; x_wconf 83' lang='lat' dir='ltr'>quani</span> <span class='ocrx_word' id='word_1_1474' title='bbox 2291 2743 2343 2771; x_wconf 88' lang='lat' dir='ltr'>pro</span> <span class='ocrx_word' id='word_1_1475' title='bbox 2362 2734 2423 2766; x_wconf 82' lang='lat' dir='ltr'>Re-</span> 
     </span>
     <span class='ocr_line' id='line_1_176' title="bbox 1354 2764 2420 2805; baseline 0.008 -10"><span class='ocrx_word' id='word_1_1476' title='bbox 1354 2768 1416 2805; x_wconf 87' lang='lat' dir='ltr'>gnis</span> <span class='ocrx_word' id='word_1_1477' title='bbox 1432 2769 1526 2796; x_wconf 64' lang='lat' dir='ltr'>Dareie</span> <span class='ocrx_word' id='word_1_1478' title='bbox 1540 2764 1578 2800; x_wconf 74' lang='lat'>&amp;-</span> <span class='ocrx_word' id='word_1_1479' title='bbox 1593 2769 1740 2804; x_wconf 70' lang='lat' dir='ltr'>Norwegie</span> <span class='ocrx_word' id='word_1_1480' title='bbox 1755 2767 1874 2796; x_wconf 85' lang='lat' dir='ltr'>antebac</span> <span class='ocrx_word' id='word_1_1481' title='bbox 1889 2767 1961 2797; x_wconf 64' lang='lat' dir='ltr'>fac&#39;ia</span> <span class='ocrx_word' id='word_1_1482' title='bbox 1978 2768 2144 2798; x_wconf 84' lang='lat' dir='ltr'>censeantur</span> <span class='ocrx_word' id='word_1_1483' title='bbox 2161 2769 2263 2800; x_wconf 68' lang='lat' dir='ltr'>sublata</span> <span class='ocrx_word' id='word_1_1484' title='bbox 2287 2772 2331 2802; x_wconf 88' lang='lat' dir='ltr'>vel</span> <span class='ocrx_word' id='word_1_1485' title='bbox 2348 2777 2420 2805; x_wconf 84' lang='lat' dir='ltr'>ariti-</span> 
     </span>
     <span class='ocr_line' id='line_1_177' title="bbox 1355 2805 2422 2850; baseline 0.007 -15"><span class='ocrx_word' id='word_1_1486' title='bbox 1355 2813 1437 2843; x_wconf 76' lang='lat' dir='ltr'>quata</span> <span class='ocrx_word' id='word_1_1487' title='bbox 1448 2828 1457 2843; x_wconf 88' lang='lat'>,</span> <span class='ocrx_word' id='word_1_1488' title='bbox 1476 2805 1494 2824; x_wconf 48' lang='grc' dir='ltr'>ἦ*</span> <span class='ocrx_word' id='word_1_1489' title='bbox 1511 2805 1557 2835; x_wconf 89' lang='lat' dir='ltr'>sed</span> <span class='ocrx_word' id='word_1_1490' title='bbox 1572 2815 1601 2835; x_wconf 92' lang='lat' dir='ltr'>ut</span> <span class='ocrx_word' id='word_1_1491' title='bbox 1615 2815 1646 2835; x_wconf 78' lang='lat' dir='ltr'>ea</span> <span class='ocrx_word' id='word_1_1492' title='bbox 1663 2814 1801 2843; x_wconf 86' lang='lat' dir='ltr'>perpetuo</span> <span class='ocrx_word' id='word_1_1493' title='bbox 1816 2814 1950 2835; x_wconf 78' lang='lat' dir='ltr'>maneant</span> <span class='ocrx_word' id='word_1_1494' title='bbox 1972 2806 2001 2835; x_wconf 89' lang='lat' dir='ltr'>in</span> <span class='ocrx_word' id='word_1_1495' title='bbox 2025 2806 2074 2836; x_wconf 90' lang='lat' dir='ltr'>suo</span> <span class='ocrx_word' id='word_1_1496' title='bbox 2095 2807 2213 2844; x_wconf 74' lang='lat' dir='ltr'>pristino</span> <span class='ocrx_word' id='word_1_1497' title='bbox 2232 2809 2355 2850; x_wconf 77' lang='lat' dir='ltr'>robore,</span> <span class='ocrx_word' id='word_1_1498' title='bbox 2375 2813 2422 2842; x_wconf 81' lang='lat' dir='ltr'>fir-</span> 
     </span>
     <span class='ocr_line' id='line_1_178' title="bbox 1357 2844 2420 2889; baseline 0.008 -16"><span class='ocrx_word' id='word_1_1499' title='bbox 1357 2846 1456 2874; x_wconf 88' lang='lat' dir='ltr'>mitate</span> <span class='ocrx_word' id='word_1_1500' title='bbox 1470 2844 1502 2874; x_wconf 85' lang='lat'>&amp;</span> <span class='ocrx_word' id='word_1_1501' title='bbox 1520 2844 1633 2882; x_wconf 79' lang='lat' dir='ltr'>vigore,</span> <span class='ocrx_word' id='word_1_1502' title='bbox 1653 2853 1788 2881; x_wconf 87' lang='lat' dir='ltr'>quatenus</span> <span class='ocrx_word' id='word_1_1503' title='bbox 1802 2854 1860 2873; x_wconf 88' lang='lat' dir='ltr'>non</span> <span class='ocrx_word' id='word_1_1504' title='bbox 1873 2845 1925 2874; x_wconf 90' lang='lat' dir='ltr'>fint</span> <span class='ocrx_word' id='word_1_1505' title='bbox 1941 2846 2080 2875; x_wconf 82' lang='lat' dir='ltr'>contraria</span> <span class='ocrx_word' id='word_1_1506' title='bbox 2095 2855 2142 2876; x_wconf 87' lang='lat' dir='ltr'>aut</span> <span class='ocrx_word' id='word_1_1507' title='bbox 2159 2852 2340 2886; x_wconf 78' lang='lat' dir='ltr'>repugnantia</span> <span class='ocrx_word' id='word_1_1508' title='bbox 2354 2861 2420 2889; x_wconf 85' lang='lat' dir='ltr'>pre-</span> 
     </span>
     <span class='ocr_line' id='line_1_179' title="bbox 1355 2883 2204 2921; baseline 0.005 -9"><span class='ocrx_word' id='word_1_1509' title='bbox 1355 2883 1427 2913; x_wconf 88' lang='lat' dir='ltr'>senti</span> <span class='ocrx_word' id='word_1_1510' title='bbox 1448 2883 1565 2921; x_wconf 82' lang='lat' dir='ltr'>Federi,</span> <span class='ocrx_word' id='word_1_1511' title='bbox 1584 2891 1629 2913; x_wconf 92' lang='lat' dir='ltr'>aut</span> <span class='ocrx_word' id='word_1_1512' title='bbox 1644 2883 1776 2913; x_wconf 89' lang='lat' dir='ltr'>Articulo</span> <span class='ocrx_word' id='word_1_1513' title='bbox 1789 2883 1873 2912; x_wconf 85' lang='lat' dir='ltr'>alicui</span> <span class='ocrx_word' id='word_1_1514' title='bbox 1888 2883 1916 2912; x_wconf 92' lang='lat' dir='ltr'>in</span> <span class='ocrx_word' id='word_1_1515' title='bbox 1931 2883 2037 2913; x_wconf 87' lang='lat' dir='ltr'>eodem</span> <span class='ocrx_word' id='word_1_1516' title='bbox 2054 2893 2204 2916; x_wconf 89' lang='lat' dir='ltr'>contento.</span> 
     </span>
    </p>

    <p class='ocr_par' dir='ltr' id='par_1_38' title="bbox 1347 2920 2422 3424">
     <span class='ocr_line' id='line_1_180' title="bbox 1394 2920 2422 2963; baseline 0.008 -12"><span class='ocrx_word' id='word_1_1517' title='bbox 1394 2931 1443 2952; x_wconf 84' lang='lat'>21.</span> <span class='ocrx_word' id='word_1_1518' title='bbox 1462 2920 1673 2960; x_wconf 84' lang='lat' dir='ltr'>Conventum,</span> <span class='ocrx_word' id='word_1_1519' title='bbox 1692 2921 1904 2952; x_wconf 88' lang='lat' dir='ltr'>concordatum</span> <span class='ocrx_word' id='word_1_1520' title='bbox 1928 2922 1961 2952; x_wconf 89' lang='lat'>&amp;</span> <span class='ocrx_word' id='word_1_1521' title='bbox 1987 2922 2157 2953; x_wconf 87' lang='lat' dir='ltr'>conclusum</span> <span class='ocrx_word' id='word_1_1522' title='bbox 2180 2923 2236 2962; x_wconf 83' lang='lat' dir='ltr'>est,</span> <span class='ocrx_word' id='word_1_1523' title='bbox 2257 2927 2333 2963; x_wconf 82' lang='lat' dir='ltr'>quod</span> <span class='ocrx_word' id='word_1_1524' title='bbox 2353 2927 2422 2960; x_wconf 67' lang='lat' dir='ltr'>dic‘ti</span> 
     </span>
     <span class='ocr_line' id='line_1_181' title="bbox 1355 2959 2417 3004; baseline 0.002 -14"><span class='ocrx_word' id='word_1_1525' title='bbox 1355 2959 1527 2990; x_wconf 81' lang='lat' dir='ltr'>Serenissimi</span> <span class='ocrx_word' id='word_1_1526' title='bbox 1540 2959 1690 2997; x_wconf 87' lang='lat' dir='ltr'>Principes</span> <span class='ocrx_word' id='word_1_1527' title='bbox 1706 2959 1820 2990; x_wconf 84' lang='lat' dir='ltr'>Carolus</span> <span class='ocrx_word' id='word_1_1528' title='bbox 1836 2962 1942 2997; x_wconf 74' lang='lat' dir='ltr'>Magne</span> <span class='ocrx_word' id='word_1_1529' title='bbox 1962 2963 2132 3000; x_wconf 78' lang='lat' dir='ltr'>Britannie,</span> <span class='ocrx_word' id='word_1_1530' title='bbox 2151 2962 2210 2993; x_wconf 73' lang='lat' dir='ltr'>&amp;e</span> <span class='ocrx_word' id='word_1_1531' title='bbox 2230 2964 2314 3004; x_wconf 67' lang='lat' dir='ltr'>Rex,</span> <span class='ocrx_word' id='word_1_1532' title='bbox 2334 2964 2417 2997; x_wconf 69' lang='lat' dir='ltr'>Chri-</span> 
     </span>
     <span class='ocr_line' id='line_1_182' title="bbox 1347 2998 2417 3044; baseline 0.007 -16"><span class='ocrx_word' id='word_1_1533' title='bbox 1347 2998 1458 3038; x_wconf 81' lang='lat' dir='ltr'>stianus</span> <span class='ocrx_word' id='word_1_1534' title='bbox 1472 2999 1604 3037; x_wconf 57' lang='lat' dir='ltr'>,Quartus</span> <span class='ocrx_word' id='word_1_1535' title='bbox 1622 3002 1733 3037; x_wconf 80' lang='lat' dir='ltr'>Danie,</span> <span class='ocrx_word' id='word_1_1536' title='bbox 1751 3001 1915 3036; x_wconf 70' lang='lat' dir='ltr'>Norwegie,</span> <span class='ocrx_word' id='word_1_1537' title='bbox 1934 3000 1997 3029; x_wconf 87' lang='lat' dir='ltr'>&amp;c.</span> <span class='ocrx_word' id='word_1_1538' title='bbox 2036 3000 2116 3037; x_wconf 83' lang='lat' dir='ltr'>Rex,</span> <span class='ocrx_word' id='word_1_1539' title='bbox 2133 3003 2233 3032; x_wconf 89' lang='lat' dir='ltr'>omnia</span> <span class='ocrx_word' id='word_1_1540' title='bbox 2256 3004 2289 3033; x_wconf 86' lang='lat'>&amp;</span> <span class='ocrx_word' id='word_1_1541' title='bbox 2313 3005 2417 3044; x_wconf 74' lang='lat' dir='ltr'>lingula</span> 
     </span>
     <span class='ocr_line' id='line_1_183' title="bbox 1356 3037 2420 3077; baseline 0.007 -9"><span class='ocrx_word' id='word_1_1542' title='bbox 1356 3037 1477 3076; x_wconf 77' lang='lat' dir='ltr'>capitula</span> <span class='ocrx_word' id='word_1_1543' title='bbox 1491 3040 1521 3067; x_wconf 87' lang='lat' dir='ltr'>iri</span> <span class='ocrx_word' id='word_1_1544' title='bbox 1536 3037 1656 3075; x_wconf 85' lang='lat' dir='ltr'>presenti</span> <span class='ocrx_word' id='word_1_1545' title='bbox 1671 3037 1811 3068; x_wconf 68' lang='lat' dir='ltr'>Tratstatu</span> <span class='ocrx_word' id='word_1_1546' title='bbox 1827 3046 1970 3067; x_wconf 89' lang='lat' dir='ltr'>conventa</span> <span class='ocrx_word' id='word_1_1547' title='bbox 1985 3039 2019 3068; x_wconf 91' lang='lat'>&amp;</span> <span class='ocrx_word' id='word_1_1548' title='bbox 2034 3037 2153 3069; x_wconf 81' lang='lat' dir='ltr'>stabilita</span> <span class='ocrx_word' id='word_1_1549' title='bbox 2163 3062 2173 3077; x_wconf 87' lang='lat'>,</span> <span class='ocrx_word' id='word_1_1550' title='bbox 2192 3040 2298 3072; x_wconf 90' lang='lat' dir='ltr'>sincere</span> <span class='ocrx_word' id='word_1_1551' title='bbox 2318 3053 2350 3074; x_wconf 85' lang='lat' dir='ltr'>ac</span> <span class='ocrx_word' id='word_1_1552' title='bbox 2365 3048 2420 3075; x_wconf 87' lang='lat' dir='ltr'>bo-</span> 
     </span>
     <span class='ocr_line' id='line_1_184' title="bbox 1356 3075 2420 3115; baseline 0.007 -9"><span class='ocrx_word' id='word_1_1553' title='bbox 1356 3087 1392 3107; x_wconf 90' lang='lat' dir='ltr'>na</span> <span class='ocrx_word' id='word_1_1554' title='bbox 1406 3076 1460 3106; x_wconf 83' lang='lat' dir='ltr'>fide</span> <span class='ocrx_word' id='word_1_1555' title='bbox 1475 3076 1670 3106; x_wconf 84' lang='lat' dir='ltr'>observabunt</span> <span class='ocrx_word' id='word_1_1556' title='bbox 1680 3099 1689 3113; x_wconf 93' lang='lat'>,</span> <span class='ocrx_word' id='word_1_1557' title='bbox 1707 3086 1756 3114; x_wconf 91' lang='lat' dir='ltr'>per</span> <span class='ocrx_word' id='word_1_1558' title='bbox 1770 3075 1890 3114; x_wconf 85' lang='lat' dir='ltr'>suosque</span> <span class='ocrx_word' id='word_1_1559' title='bbox 1904 3075 2039 3106; x_wconf 84' lang='lat' dir='ltr'>Subditos</span> <span class='ocrx_word' id='word_1_1560' title='bbox 2054 3077 2087 3107; x_wconf 65' lang='grc' dir='ltr'>ὃς</span> <span class='ocrx_word' id='word_1_1561' title='bbox 2103 3076 2215 3108; x_wconf 75' lang='lat' dir='ltr'>incolas</span> <span class='ocrx_word' id='word_1_1562' title='bbox 2230 3081 2370 3114; x_wconf 85' lang='lat' dir='ltr'>observari</span> <span class='ocrx_word' id='word_1_1563' title='bbox 2385 3084 2420 3115; x_wconf 80' lang='grc' dir='ltr'>δε</span> 
     </span>
     <span class='ocr_line' id='line_1_185' title="bbox 1356 3113 2421 3162; baseline 0.007 -17"><span class='ocrx_word' id='word_1_1564' title='bbox 1356 3114 1491 3145; x_wconf 89' lang='lat' dir='ltr'>custodiri</span> <span class='ocrx_word' id='word_1_1565' title='bbox 1505 3113 1627 3152; x_wconf 85' lang='lat' dir='ltr'>facient,</span> <span class='ocrx_word' id='word_1_1566' title='bbox 1645 3115 1802 3152; x_wconf 85' lang='lat' dir='ltr'>nequeillis</span> <span class='ocrx_word' id='word_1_1567' title='bbox 1817 3113 1926 3144; x_wconf 63' lang='lat' dir='ltr'>dircite</span> <span class='ocrx_word' id='word_1_1568' title='bbox 1950 3114 1995 3144; x_wconf 88' lang='lat' dir='ltr'>vel</span> <span class='ocrx_word' id='word_1_1569' title='bbox 2018 3114 2161 3146; x_wconf 64' lang='lat' dir='ltr'>indirecte</span> <span class='ocrx_word' id='word_1_1570' title='bbox 2183 3122 2421 3162; x_wconf 86' lang='lat' dir='ltr'>contravenient,</span> 
     </span>
     <span class='ocr_line' id='line_1_186' title="bbox 1357 3152 2422 3192; baseline 0.005 -9"><span class='ocrx_word' id='word_1_1571' title='bbox 1357 3163 1403 3184; x_wconf 87' lang='lat' dir='ltr'>aut</span> <span class='ocrx_word' id='word_1_1572' title='bbox 1419 3163 1468 3192; x_wconf 87' lang='lat' dir='ltr'>per</span> <span class='ocrx_word' id='word_1_1573' title='bbox 1483 3153 1545 3183; x_wconf 92' lang='lat' dir='ltr'>suos</span> <span class='ocrx_word' id='word_1_1574' title='bbox 1559 3153 1693 3184; x_wconf 88' lang='lat' dir='ltr'>Subditos</span> <span class='ocrx_word' id='word_1_1575' title='bbox 1716 3152 1762 3184; x_wconf 89' lang='lat' dir='ltr'>vel</span> <span class='ocrx_word' id='word_1_1576' title='bbox 1783 3152 1893 3183; x_wconf 79' lang='lat' dir='ltr'>Incolas</span> <span class='ocrx_word' id='word_1_1577' title='bbox 1916 3161 1947 3182; x_wconf 90' lang='lat' dir='ltr'>ut</span> <span class='ocrx_word' id='word_1_1578' title='bbox 1969 3155 2222 3186; x_wconf 84' lang='lat' dir='ltr'>contraveniantur</span> <span class='ocrx_word' id='word_1_1579' title='bbox 2243 3157 2349 3190; x_wconf 67' lang='lat' dir='ltr'>directe</span> <span class='ocrx_word' id='word_1_1580' title='bbox 2373 3162 2422 3192; x_wconf 72' lang='lat' dir='ltr'>ve}</span> 
     </span>
     <span class='ocr_line' id='line_1_187' title="bbox 1357 3191 2422 3238; baseline 0.006 -16"><span class='ocrx_word' id='word_1_1581' title='bbox 1357 3191 1497 3223; x_wconf 67' lang='lat' dir='ltr'>indirecte</span> <span class='ocrx_word' id='word_1_1582' title='bbox 1513 3192 1706 3230; x_wconf 74' lang='lat' dir='ltr'>consentient3</span> <span class='ocrx_word' id='word_1_1583' title='bbox 1725 3191 1891 3229; x_wconf 86' lang='lat' dir='ltr'>Omniaque</span> <span class='ocrx_word' id='word_1_1584' title='bbox 1906 3191 1939 3221; x_wconf 87' lang='lat'>&amp;</span> <span class='ocrx_word' id='word_1_1585' title='bbox 1953 3191 2059 3231; x_wconf 82' lang='lat' dir='ltr'>singula</span> <span class='ocrx_word' id='word_1_1586' title='bbox 2073 3201 2103 3223; x_wconf 86' lang='lat' dir='ltr'>ut</span> <span class='ocrx_word' id='word_1_1587' title='bbox 2119 3194 2198 3231; x_wconf 83' lang='lat' dir='ltr'>supra</span> <span class='ocrx_word' id='word_1_1588' title='bbox 2214 3204 2356 3229; x_wconf 84' lang='lat' dir='ltr'>conventa</span> <span class='ocrx_word' id='word_1_1589' title='bbox 2370 3208 2422 3238; x_wconf 80' lang='lat' dir='ltr'>per</span> 
     </span>
     <span class='ocr_line' id='line_1_188' title="bbox 1357 3230 2421 3273; baseline 0.007 -12"><span class='ocrx_word' id='word_1_1590' title='bbox 1357 3231 1465 3262; x_wconf 89' lang='lat' dir='ltr'>Literas</span> <span class='ocrx_word' id='word_1_1591' title='bbox 1481 3230 1631 3268; x_wconf 79' lang='lat' dir='ltr'>Patentes,</span> <span class='ocrx_word' id='word_1_1592' title='bbox 1646 3231 1779 3261; x_wconf 85' lang='lat' dir='ltr'>manibus</span> <span class='ocrx_word' id='word_1_1593' title='bbox 1795 3230 1848 3260; x_wconf 82' lang='lat' dir='ltr'>suis</span> <span class='ocrx_word' id='word_1_1594' title='bbox 1864 3230 2044 3270; x_wconf 85' lang='lat' dir='ltr'>subscriptas,</span> <span class='ocrx_word' id='word_1_1595' title='bbox 2062 3231 2094 3273; x_wconf 68' lang='grc' dir='ltr'>ἐξ(</span> <span class='ocrx_word' id='word_1_1596' title='bbox 2117 3234 2227 3273; x_wconf 82' lang='lat' dir='ltr'>magnis</span> <span class='ocrx_word' id='word_1_1597' title='bbox 2246 3234 2346 3273; x_wconf 82' lang='lat' dir='ltr'>Sigillis</span> <span class='ocrx_word' id='word_1_1598' title='bbox 2367 3239 2421 3270; x_wconf 84' lang='lat' dir='ltr'>suis</span> 
     </span>
     <span class='ocr_line' id='line_1_189' title="bbox 1356 3269 2419 3310; baseline 0.008 -10"><span class='ocrx_word' id='word_1_1599' title='bbox 1356 3270 1502 3310; x_wconf 79' lang='lat' dir='ltr'>figillataS,</span> <span class='ocrx_word' id='word_1_1600' title='bbox 1520 3269 1715 3308; x_wconf 82' lang='lat' dir='ltr'>ratificabunt,</span> <span class='ocrx_word' id='word_1_1601' title='bbox 1733 3269 1952 3299; x_wconf 83' lang='lat' dir='ltr'>authorizabunt</span> <span class='ocrx_word' id='word_1_1602' title='bbox 1966 3271 2221 3302; x_wconf 70' lang='lat' dir='ltr'>&amp;confirmabunt</span> <span class='ocrx_word' id='word_1_1603' title='bbox 2234 3273 2264 3303; x_wconf 91' lang='lat' dir='ltr'>in</span> <span class='ocrx_word' id='word_1_1604' title='bbox 2275 3275 2419 3308; x_wconf 86' lang='lat' dir='ltr'>sufficien-</span> 
     </span>
     <span class='ocr_line' id='line_1_190' title="bbox 1355 3307 2420 3354; baseline 0.006 -15"><span class='ocrx_word' id='word_1_1605' title='bbox 1355 3310 1376 3340; x_wconf 87' lang='lat' dir='ltr'>ti</span> <span class='ocrx_word' id='word_1_1606' title='bbox 1392 3311 1425 3341; x_wconf 89' lang='lat'>&amp;</span> <span class='ocrx_word' id='word_1_1607' title='bbox 1441 3308 1531 3340; x_wconf 85' lang='lat' dir='ltr'>valida</span> <span class='ocrx_word' id='word_1_1608' title='bbox 1553 3319 1588 3339; x_wconf 88' lang='lat' dir='ltr'>ac</span> <span class='ocrx_word' id='word_1_1609' title='bbox 1603 3307 1717 3339; x_wconf 87' lang='lat' dir='ltr'>efficaci</span> <span class='ocrx_word' id='word_1_1610' title='bbox 1739 3308 1832 3339; x_wconf 88' lang='lat' dir='ltr'>forma</span> <span class='ocrx_word' id='word_1_1611' title='bbox 1847 3317 2003 3346; x_wconf 86' lang='lat' dir='ltr'>conceptas</span> <span class='ocrx_word' id='word_1_1612' title='bbox 2018 3310 2051 3340; x_wconf 86' lang='lat'>&amp;</span> <span class='ocrx_word' id='word_1_1613' title='bbox 2067 3309 2231 3348; x_wconf 61' lang='lat' dir='ltr'>confectas,</span> <span class='ocrx_word' id='word_1_1614' title='bbox 2250 3313 2420 3354; x_wconf 83' lang='lat' dir='ltr'>easdemque</span> 
     </span>
     <span class='ocr_line' id='line_1_191' title="bbox 1353 3345 2419 3390; baseline 0.005 -14"><span class='ocrx_word' id='word_1_1615' title='bbox 1353 3350 1501 3386; x_wconf 89' lang='lat' dir='ltr'>reciproce</span> <span class='ocrx_word' id='word_1_1616' title='bbox 1523 3347 1596 3378; x_wconf 85' lang='lat' dir='ltr'>infra</span> <span class='ocrx_word' id='word_1_1617' title='bbox 1614 3354 1733 3389; x_wconf 77' lang='lat' dir='ltr'>quatuor</span> <span class='ocrx_word' id='word_1_1618' title='bbox 1756 3345 1865 3386; x_wconf 79' lang='lat' dir='ltr'>Menses</span> <span class='ocrx_word' id='word_1_1619' title='bbox 1886 3346 1950 3384; x_wconf 87' lang='lat' dir='ltr'>post</span> <span class='ocrx_word' id='word_1_1620' title='bbox 1972 3348 2070 3378; x_wconf 87' lang='lat' dir='ltr'>datum</span> <span class='ocrx_word' id='word_1_1621' title='bbox 2091 3349 2281 3390; x_wconf 86' lang='lat' dir='ltr'>presentium,</span> <span class='ocrx_word' id='word_1_1622' title='bbox 2305 3354 2419 3387; x_wconf 75' lang='lat' dir='ltr'>tradent</span> 
     </span>
     <span class='ocr_line' id='line_1_192' title="bbox 1355 3385 2212 3424; baseline 0 -6"><span class='ocrx_word' id='word_1_1623' title='bbox 1355 3388 1401 3418; x_wconf 89' lang='lat' dir='ltr'>seu</span> <span class='ocrx_word' id='word_1_1624' title='bbox 1417 3387 1523 3417; x_wconf 89' lang='lat' dir='ltr'>tradere</span> <span class='ocrx_word' id='word_1_1625' title='bbox 1535 3387 1639 3418; x_wconf 89' lang='lat' dir='ltr'>facient</span> <span class='ocrx_word' id='word_1_1626' title='bbox 1657 3386 1734 3417; x_wconf 89' lang='lat' dir='ltr'>bona</span> <span class='ocrx_word' id='word_1_1627' title='bbox 1749 3385 1803 3416; x_wconf 86' lang='lat' dir='ltr'>fide</span> <span class='ocrx_word' id='word_1_1628' title='bbox 1813 3409 1822 3424; x_wconf 88' lang='lat'>,</span> <span class='ocrx_word' id='word_1_1629' title='bbox 1842 3387 1949 3417; x_wconf 87' lang='lat' dir='ltr'>realiter</span> <span class='ocrx_word' id='word_1_1630' title='bbox 1963 3387 1995 3417; x_wconf 85' lang='lat'>&amp;</span> <span class='ocrx_word' id='word_1_1631' title='bbox 2011 3395 2080 3417; x_wconf 90' lang='lat' dir='ltr'>cum</span> <span class='ocrx_word' id='word_1_1632' title='bbox 2096 3386 2212 3418; x_wconf 67' lang='lat' dir='ltr'>effeetu.</span> 
     </span>
    </p>

    <p class='ocr_par' dir='ltr' id='par_1_39' title="bbox 1354 3424 2427 3582">
     <span class='ocr_line' id='line_1_193' title="bbox 1392 3424 2417 3470; baseline 0.006 -14"><span class='ocrx_word' id='word_1_1633' title='bbox 1392 3425 1430 3457; x_wconf 87' lang='lat' dir='ltr'>Et</span> <span class='ocrx_word' id='word_1_1634' title='bbox 1444 3427 1499 3463; x_wconf 88' lang='lat' dir='ltr'>ita,</span> <span class='ocrx_word' id='word_1_1635' title='bbox 1521 3434 1605 3465; x_wconf 86' lang='lat' dir='ltr'>prout</span> <span class='ocrx_word' id='word_1_1636' title='bbox 1621 3425 1702 3463; x_wconf 88' lang='lat' dir='ltr'>supra</span> <span class='ocrx_word' id='word_1_1637' title='bbox 1723 3424 1776 3455; x_wconf 88' lang='lat' dir='ltr'>fuit</span> <span class='ocrx_word' id='word_1_1638' title='bbox 1798 3434 1848 3462; x_wconf 84' lang='lat' dir='ltr'>per</span> <span class='ocrx_word' id='word_1_1639' title='bbox 1870 3424 1939 3455; x_wconf 90' lang='lat' dir='ltr'>Nos</span> <span class='ocrx_word' id='word_1_1640' title='bbox 1960 3425 2037 3462; x_wconf 87' lang='lat' dir='ltr'>supra</span> <span class='ocrx_word' id='word_1_1641' title='bbox 2056 3427 2220 3457; x_wconf 81' lang='lat' dir='ltr'>nominatos</span> <span class='ocrx_word' id='word_1_1642' title='bbox 2238 3426 2417 3470; x_wconf 85' lang='lat' dir='ltr'>Deputatos‚</span> 
     </span>
     <span class='ocr_line' id='line_1_194' title="bbox 1355 3463 2419 3507; baseline 0.004 -11"><span class='ocrx_word' id='word_1_1643' title='bbox 1355 3464 1594 3503; x_wconf 78' lang='lat' dir='ltr'>Commiffarios,</span> <span class='ocrx_word' id='word_1_1644' title='bbox 1611 3465 1645 3495; x_wconf 90' lang='lat'>&amp;</span> <span class='ocrx_word' id='word_1_1645' title='bbox 1661 3464 1788 3502; x_wconf 83' lang='lat' dir='ltr'>Legatos</span> <span class='ocrx_word' id='word_1_1646' title='bbox 1798 3486 1817 3507; x_wconf 33' lang='lat' dir='ltr'>,q</span> <span class='ocrx_word' id='word_1_1647' title='bbox 1827 3463 1980 3494; x_wconf 87' lang='lat' dir='ltr'>stabilitum</span> <span class='ocrx_word' id='word_1_1648' title='bbox 1995 3465 2028 3495; x_wconf 63' lang='grc' dir='ltr'>ὃς</span> <span class='ocrx_word' id='word_1_1649' title='bbox 2045 3465 2235 3505; x_wconf 84' lang='lat' dir='ltr'>conclusum,</span> <span class='ocrx_word' id='word_1_1650' title='bbox 2254 3469 2357 3499; x_wconf 87' lang='lat' dir='ltr'>virtute</span> <span class='ocrx_word' id='word_1_1651' title='bbox 2374 3471 2419 3500; x_wconf 89' lang='lat' dir='ltr'>di—</span> 
     </span>
     <span class='ocr_line' id='line_1_195' title="bbox 1355 3503 2415 3546; baseline 0.002 -13"><span class='ocrx_word' id='word_1_1652' title='bbox 1355 3504 1467 3535; x_wconf 69' lang='lat' dir='ltr'>ctarum</span> <span class='ocrx_word' id='word_1_1653' title='bbox 1480 3503 1642 3534; x_wconf 89' lang='lat' dir='ltr'>nostrarum</span> <span class='ocrx_word' id='word_1_1654' title='bbox 1660 3503 1930 3540; x_wconf 83' lang='lat' dir='ltr'>Commissionum,</span> <span class='ocrx_word' id='word_1_1655' title='bbox 1949 3503 1982 3533; x_wconf 91' lang='lat'><strong>&amp;</strong></span> <span class='ocrx_word' id='word_1_1656' title='bbox 1996 3504 2024 3532; x_wconf 90' lang='lat' dir='ltr'>in</span> <span class='ocrx_word' id='word_1_1657' title='bbox 2040 3505 2172 3534; x_wconf 89' lang='lat' dir='ltr'>omnium</span> <span class='ocrx_word' id='word_1_1658' title='bbox 2194 3507 2227 3537; x_wconf 90' lang='lat'>&amp;</span> <span class='ocrx_word' id='word_1_1659' title='bbox 2242 3506 2415 3546; x_wconf 80' lang='lat' dir='ltr'>singulorum</span> 
     </span>
     <span class='ocr_line' id='line_1_196' title="bbox 1354 3541 2427 3582; baseline 0.001 -9"><span class='ocrx_word' id='word_1_1660' title='bbox 1354 3543 1441 3573; x_wconf 85' lang='lat' dir='ltr'>fidem</span> <span class='ocrx_word' id='word_1_1661' title='bbox 1453 3566 1462 3581; x_wconf 80' lang='grc'>,</span> <span class='ocrx_word' id='word_1_1662' title='bbox 1482 3542 1584 3573; x_wconf 88' lang='lat' dir='ltr'>nostris</span> <span class='ocrx_word' id='word_1_1663' title='bbox 1598 3542 1720 3582; x_wconf 88' lang='lat' dir='ltr'>propriis</span> <span class='ocrx_word' id='word_1_1664' title='bbox 1733 3541 1862 3571; x_wconf 85' lang='lat' dir='ltr'>manibus</span> <span class='ocrx_word' id='word_1_1665' title='bbox 1875 3541 1973 3580; x_wconf 85' lang='lat' dir='ltr'>singuli</span> <span class='ocrx_word' id='word_1_1666' title='bbox 1988 3541 2206 3579; x_wconf 85' lang='lat' dir='ltr'>subscripsimus.</span> <span class='ocrx_word' id='word_1_1667' title='bbox 2422 3564 2427 3567; x_wconf 58' lang='lat'><strong>&lt;</strong></span> 
     </span>
    </p>

    <p class='ocr_par' dir='ltr' id='par_1_40' title="bbox 1353 3580 2417 3651">
     <span class='ocr_line' id='line_1_197' title="bbox 1391 3580 2417 3621; baseline -0.001 -10"><span class='ocrx_word' id='word_1_1668' title='bbox 1391 3581 1556 3620; x_wconf 74' lang='lat' dir='ltr'>Gluckstad,</span> <span class='ocrx_word' id='word_1_1669' title='bbox 1573 3583 1617 3611; x_wconf 87' lang='lat' dir='ltr'>die</span> <span class='ocrx_word' id='word_1_1670' title='bbox 1635 3581 1713 3611; x_wconf 85' lang='lat' dir='ltr'>sexto</span> <span class='ocrx_word' id='word_1_1671' title='bbox 1736 3580 1838 3610; x_wconf 87' lang='lat' dir='ltr'>mensis</span> <span class='ocrx_word' id='word_1_1672' title='bbox 1852 3580 1977 3618; x_wconf 70' lang='lat' dir='ltr'>Aprilis,</span> <span class='ocrx_word' id='word_1_1673' title='bbox 1995 3580 2059 3610; x_wconf 88' lang='lat' dir='ltr'>stilo</span> <span class='ocrx_word' id='word_1_1674' title='bbox 2080 3583 2192 3621; x_wconf 88' lang='lat' dir='ltr'>veteri,</span> <span class='ocrx_word' id='word_1_1675' title='bbox 2212 3584 2300 3615; x_wconf 79' lang='lat' dir='ltr'>Anno</span> <span class='ocrx_word' id='word_1_1676' title='bbox 2323 3586 2417 3618; x_wconf 63' lang='lat' dir='ltr'>ming.</span> 
     </span>
     <span class='ocr_line' id='line_1_198' title="bbox 1353 3619 1908 3651; baseline -0.005 -1"><span class='ocrx_word' id='word_1_1677' title='bbox 1353 3619 1425 3651; x_wconf 84' lang='lat' dir='ltr'>fimo</span> <span class='ocrx_word' id='word_1_1678' title='bbox 1440 3619 1644 3651; x_wconf 81' lang='lat' dir='ltr'>sexcentefimo</span> <span class='ocrx_word' id='word_1_1679' title='bbox 1661 3619 1804 3650; x_wconf 84' lang='lat' dir='ltr'>tricelinio</span> <span class='ocrx_word' id='word_1_1680' title='bbox 1819 3627 1908 3648; x_wconf 86' lang='lat' dir='ltr'>nono.</span> 
     </span>
    </p>
   </div>
   <div class='ocr_carea' id='block_1_10' title="bbox 1719 3695 2379 3702">
    <p class='ocr_par' dir='ltr' id='par_1_41' title="bbox 1719 3695 2379 3702">
     <span class='ocr_line' id='line_1_199' title="bbox 1719 3695 2379 3702; baseline 0 0"><span class='ocrx_word' id='word_1_1681' title='bbox 1719 3695 2379 3702; x_wconf 95' lang='lat' dir='ltr'> </span> 
     </span>
    </p>
   </div>
   <div class='ocr_carea' id='block_1_11' title="bbox 1478 3740 2289 3794">
    <p class='ocr_par' dir='ltr' id='par_1_42' title="bbox 1478 3740 2289 3794">
     <span class='ocr_line' id='line_1_200' title="bbox 1478 3740 2289 3794; baseline 0.004 -15"><span class='ocrx_word' id='word_1_1682' title='bbox 1478 3742 1639 3788; x_wconf 85' lang='lat' dir='ltr'>Commiffio</span> <span class='ocrx_word' id='word_1_1683' title='bbox 1660 3740 1834 3786; x_wconf 82' lang='lat' dir='ltr'>Sereniffimi</span> <span class='ocrx_word' id='word_1_1684' title='bbox 1860 3742 1979 3791; x_wconf 80' lang='lat' dir='ltr'>Magne</span> <span class='ocrx_word' id='word_1_1685' title='bbox 2005 3745 2163 3780; x_wconf 67' lang='lat' dir='ltr'>Britannis</span> <span class='ocrx_word' id='word_1_1686' title='bbox 2190 3749 2289 3794; x_wconf 73' lang='lat' dir='ltr'>Regis.</span> 
     </span>
    </p>
   </div>
   <div class='ocr_carea' id='block_1_12' title="bbox 1358 3827 2421 3986">
    <p class='ocr_par' dir='ltr' id='par_1_43' title="bbox 1358 3827 2421 3986">
     <span class='ocr_line' id='line_1_201' title="bbox 1359 3827 2420 3888; baseline -0.007 -24"><span class='ocrx_word' id='word_1_1687' title='bbox 1359 3834 1442 3888; x_wconf 83' lang='lat' dir='ltr'>CA</span> <span class='ocrx_word' id='word_1_1688' title='bbox 1447 3835 1504 3862; x_wconf 89' lang='lat' dir='ltr'>Ro</span> <span class='ocrx_word' id='word_1_1689' title='bbox 1516 3832 1621 3868; x_wconf 82' lang='lat' dir='ltr'>LUS,</span> <span class='ocrx_word' id='word_1_1690' title='bbox 1640 3827 1697 3859; x_wconf 84' lang='lat' dir='ltr'>Dei</span> <span class='ocrx_word' id='word_1_1691' title='bbox 1723 3827 1844 3870; x_wconf 45' lang='lat' dir='ltr'>Crat-isi,</span> <span class='ocrx_word' id='word_1_1692' title='bbox 1863 3831 1966 3867; x_wconf 80' lang='lat' dir='ltr'>Magne</span> <span class='ocrx_word' id='word_1_1693' title='bbox 1989 3834 2156 3870; x_wconf 59' lang='lat' dir='ltr'>Brhannie,</span> <span class='ocrx_word' id='word_1_1694' title='bbox 2176 3835 2288 3864; x_wconf 66' lang='lat' dir='ltr'>Francie</span> <span class='ocrx_word' id='word_1_1695' title='bbox 2309 3836 2343 3867; x_wconf 87' lang='lat'>&amp;</span> <span class='ocrx_word' id='word_1_1696' title='bbox 2365 3839 2420 3864; x_wconf 60' lang='lat' dir='ltr'>Hi-</span> 
     </span>
     <span class='ocr_line' id='line_1_202' title="bbox 1413 3867 2421 3911; baseline -0.002 -11"><span class='ocrx_word' id='word_1_1697' title='bbox 1413 3871 1522 3907; x_wconf 76' lang='lat' dir='ltr'>berw’e,</span> <span class='ocrx_word' id='word_1_1698' title='bbox 1541 3869 1623 3905; x_wconf 83' lang='lat' dir='ltr'>Rex,</span> <span class='ocrx_word' id='word_1_1699' title='bbox 1643 3867 1720 3897; x_wconf 83' lang='lat' dir='ltr'>Fidei</span> <span class='ocrx_word' id='word_1_1700' title='bbox 1738 3867 1900 3908; x_wconf 77' lang='lat' dir='ltr'>DetenlOr,</span> <span class='ocrx_word' id='word_1_1701' title='bbox 1918 3872 1980 3900; x_wconf 68' lang='lat' dir='ltr'>otc.</span> <span class='ocrx_word' id='word_1_1702' title='bbox 2018 3871 2167 3902; x_wconf 80' lang='lat' dir='ltr'>Omnibus</span> <span class='ocrx_word' id='word_1_1703' title='bbox 2187 3874 2221 3904; x_wconf 75' lang='grc' dir='ltr'>ὅτ.</span> <span class='ocrx_word' id='word_1_1704' title='bbox 2244 3873 2355 3911; x_wconf 61' lang='lat' dir='ltr'>lingulis</span> <span class='ocrx_word' id='word_1_1705' title='bbox 2371 3875 2421 3903; x_wconf 67' lang='lat' dir='ltr'>has</span> 
     </span>
     <span class='ocr_line' id='line_1_203' title="bbox 1358 3906 1749 3943; baseline -0.015 -3"><span class='ocrx_word' id='word_1_1706' title='bbox 1358 3910 1464 3940; x_wconf 86' lang='lat' dir='ltr'>Literas</span> <span class='ocrx_word' id='word_1_1707' title='bbox 1480 3908 1593 3943; x_wconf 76' lang='lat' dir='ltr'>visuris,</span> <span class='ocrx_word' id='word_1_1708' title='bbox 1611 3906 1749 3936; x_wconf 81' lang='lat' dir='ltr'>Salutem.</span> 
     </span>
     <span class='ocr_line' id='line_1_204' title="bbox 1392 3943 2056 3986; baseline -0.003 -9"><span class='ocrx_word' id='word_1_1709' title='bbox 1392 3948 1462 3978; x_wconf 82' lang='lat' dir='ltr'>Vide</span> <span class='ocrx_word' id='word_1_1710' title='bbox 1482 3945 1553 3976; x_wconf 81' lang='lat' dir='ltr'>hanc</span> <span class='ocrx_word' id='word_1_1711' title='bbox 1568 3943 1790 3984; x_wconf 78' lang='lat' dir='ltr'>Commifflonem,</span> <span class='ocrx_word' id='word_1_1712' title='bbox 1801 3944 1912 3984; x_wconf 56' lang='lat' dir='ltr'>pagine}</span> <span class='ocrx_word' id='word_1_1713' title='bbox 1931 3947 1998 3986; x_wconf 83' lang='lat'>285.</span> <span class='ocrx_word' id='word_1_1714' title='bbox 2011 3949 2027 3965; x_wconf 54' lang='grc' dir='ltr'><strong>θ</strong></span> <span class='ocrx_word' id='word_1_1715' title='bbox 2050 3947 2056 3952; x_wconf 81' lang='grc'><em>’</em></span> 
     </span>
    </p>
   </div>
   <div class='ocr_carea' id='block_1_13' title="bbox 1825 4115 1912 4147">
    <p class='ocr_par' dir='ltr' id='par_1_44' title="bbox 1825 4115 1912 4147">
     <span class='ocr_line' id='line_1_205' title="bbox 1825 4115 1912 4147; baseline 0 0"><span class='ocrx_word' id='word_1_1716' title='bbox 1825 4115 1912 4147; x_wconf 74' lang='lat' dir='ltr'>Eez</span> 
     </span>
    </p>
   </div>
   <div class='ocr_carea' id='block_1_14' title="bbox 2369 195 2450 231">
    <p class='ocr_par' dir='ltr' id='par_1_45' title="bbox 2369 195 2450 231">
     <span class='ocr_line' id='line_1_206' title="bbox 2369 195 2450 231; baseline 0.012 -9"><span class='ocrx_word' id='word_1_1717' title='bbox 2369 195 2450 231; x_wconf 70' lang='lat'>²19</span> 
     </span>
    </p>
   </div>
   <div class='ocr_carea' id='block_1_15' title="bbox 2453 262 2561 297">
    <p class='ocr_par' dir='ltr' id='par_1_46' title="bbox 2453 262 2561 297">
     <span class='ocr_line' id='line_1_207' title="bbox 2453 262 2561 297; baseline 0.028 -3"><span class='ocrx_word' id='word_1_1718' title='bbox 2453 262 2561 297; x_wconf 69' lang='lat' dir='ltr'>AnnAE</span> 
     </span>
    </p>
   </div>
   <div class='ocr_carea' id='block_1_16' title="bbox 2442 306 2558 379">
    <p class='ocr_par' dir='ltr' id='par_1_47' title="bbox 2442 306 2558 379">
     <span class='ocr_line' id='line_1_208' title="bbox 2465 306 2554 344; baseline 0.022 -11"><span class='ocrx_word' id='word_1_1719' title='bbox 2465 306 2554 344; x_wconf 82' lang='lat'>1639.</span> 
     </span>
     <span class='ocr_line' id='line_1_209' title="bbox 2442 344 2558 379; baseline 0.017 -12"><span class='ocrx_word' id='word_1_1720' title='bbox 2442 344 2493 369; x_wconf 73' lang='lat' dir='ltr'>Aa.</span> <span class='ocrx_word' id='word_1_1721' title='bbox 2513 353 2558 379; x_wconf 86' lang='lat'>¹5·</span> 
     </span>
    </p>
   </div>
   <div class='ocr_carea' id='block_1_17' title="bbox 2441 382 2551 418">
    <p class='ocr_par' dir='ltr' id='par_1_48' title="bbox 2441 382 2551 418">
     <span class='ocr_line' id='line_1_210' title="bbox 2441 382 2551 418; baseline 0.027 -12"><span class='ocrx_word' id='word_1_1722' title='bbox 2441 382 2502 418; x_wconf 53' lang='lat' dir='ltr'>Car.</span> <span class='ocrx_word' id='word_1_1723' title='bbox 2526 391 2536 408; x_wconf 83' lang='grc' dir='ltr'><strong><em>ι</em></strong></span> <span class='ocrx_word' id='word_1_1724' title='bbox 2542 402 2551 409; x_wconf 89' lang='grc'><em>.</em></span> 
     </span>
    </p>
   </div>
   <div class='ocr_carea' id='block_1_18' title="bbox 2441 2811 2546 2887">
    <p class='ocr_par' dir='ltr' id='par_1_49' title="bbox 2441 2811 2546 2887">
     <span class='ocr_line' id='line_1_211' title="bbox 2461 2811 2546 2839; baseline 0 0"><span class='ocrx_word' id='word_1_1725' title='bbox 2461 2811 2473 2825; x_wconf 82' lang='grc'><strong>”</strong></span> <span class='ocrx_word' id='word_1_1726' title='bbox 2491 2812 2546 2839; x_wconf 85' lang='lat' dir='ltr'>XX</span> 
     </span>
     <span class='ocr_line' id='line_1_212' title="bbox 2441 2859 2505 2887; baseline -0.031 0"><span class='ocrx_word' id='word_1_1727' title='bbox 2441 2859 2505 2887; x_wconf 78' lang='lat'>339·</span> 
     </span>
    </p>
   </div>
  </div>
 </body>
</html>
