2561 4263
29 116 111 158 250

8 208 16 216 -
69 188 181 220 Samuel
196 189 310 232 Hynde,
327 189 460 221 Clericus
475 212 485 226 ,
502 188 531 218 S.
545 188 586 217 T.
606 185 637 218 Β.
651 184 687 216 ad
704 180 876 215 ReCmriam
893 184 926 215 &
942 183 1101 215 Ecclesiam

34 229 236 260 Parochialem
250 229 285 261 de
298 228 459 267 Standishe,
479 225 610 256 Diocefis
624 223 779 263 cestrenfis,
798 232 854 260 per·
867 230 995 252 mortem
1020 231 1103 252 natu-

33 269 120 299 ralem
136 268 233 299 ultimi
243 268 448 299 Incumbentes
461 265 603 303 ejusdem,
617 265 675 302 jam
690 270 842 292 vacantem
853 284 863 298 ,
878 261 911 291 &
923 261 962 304 'ad
977 260 1103 291 nostram

34 306 269 345 presentationem
283 318 333 345 per
345 306 451 345 lapsum
465 303 621 340 temporis,
640 302 804 343 pravitatem
815 299 963 338 Simonie,
982 299 1104 343 Utlaga-

34 347 108 376 riatu
124 346 170 376 vel
185 346 242 377 alio
257 354 432 385 quocunque
449 341 541 372 modo
558 350 609 377 pro
630 341 684 370 hac
706 349 771 370 vrce
790 338 984 378 spectantem,
1003 337 1042 369 Et
1059 338 1104 368 di-

38 386 171 422 riguntur
189 386 225 416 he
240 386 336 415 Litere
348 382 496 421 Johanm‘,
515 379 647 446 cefrfnfi
658 378 815 422 Episcopo.
869 415 875 421 Π
1043 417 1048 421 ¹

73 423 166 455 Teste
180 423 267 463 Rege
285 424 358 462 apud
379 419 545 460 Wstmonaj
554 428 656 456 ertum,
676 416 833 448 undecimo
847 415 893 445 die
905 413 1070 445 Decembrts.

597 496 651 525 Per
671 496 764 524 Breve
778 493 812 523 de
832 494 956 522 Privato
970 490 1071 530 sigillo.

76 578 96 598 *
111 578 237 609 Michael
250 575 345 614 Mills,
366 572 518 611 Clericus,
534 572 568 603 ad
580 571 723 602 Vicariam
740 571 774 602 δε
788 569 944 601 Ecclesiam
951 568 1110 600 Parochia-

39 616 97 647 lem
110 620 149 650 de
162 617 234 656 VVest
241 614 367 646 Rudham
381 613 412 644 id
425 614 575 643 Comitatu
590 608 747 649 Norfolcie,
766 609 897 640 Diocesis
910 607 1111 647 Norwicenfis,

39 671 90 700 per
107 666 232 690 mortem
250 653 408 684 naturalem
427 651 522 682 ultimi
542 649 741 680 lncunibentis
765 648 909 687 ejusdem,
923 649 985 687 jam
1004 657 1110 677 vacan-

40 709 101 731 tem
117 720 126 735 ‚
151 696 184 726 &
208 693 244 725 ad
270 691 398 722 nostram
423 688 663 729 presentationem
690 688 800 718 ratione
827 688 998 718 minoritatis
1013 689 1109 724 Rogeri

41 731 196 774 Townsend
210 731 352 763 Baronetti
366 728 471 759 Wardi
487 727 592 764 nostri,
613 737 667 765 pro
689 726 744 758 hac
760 727 824 758 vice
841 726 1017 765 speetantetn
1032 737 1043 764 3
1070 724 1109 756 Et

40 776 198 810 diriguntur
211 769 369 807 Richardo‚
387 766 560 806 Norwicenfi
574 766 730 804 Episcopo.

76 811 164 844 Teste
182 810 267 850 Rege
284 808 358 847 apud
377 806 652 847 westmonasterium,
669 805 773 843 quinto
786 805 833 836 die
845 802 1008 835 Decembris.

593 884 647 913 Per
664 885 760 912 Breve
775 881 809 912 de
827 883 950 913 Privato
969 879 1071 919 Sigillo.

77 966 213 1007 Johanne
228 964 331 995 Goodw
348 975 386 1001 n,
403 960 536 992 Clericus
551 982 560 997 ,
583 958 619 989 ad
639 958 807 991 Re&oriam
824 961 857 992 ὃ(
878 958 1036 990 Ecclesiam
1055 957 1111 988 Pa-

40 1006 200 1039 rochialem
218 1004 253 1035 de
269 973 464 1043 Eale-Barnet
481 1001 510 1029 in
526 999 679 1029 Comitatu
691 998 871 1038 Hertfhra'r‘e,
892 997 1021 1029 Diocesis
1034 999 1113 1026 Lon-

38 1047 110 1083 don,
125 1055 176 1083 per
194 1044 316 1074 liberam
332 1043 365 1073 &
380 1040 564 1078 spontaneam
582 1038 803 1076 resignationem
817 1037 912 1068 ultimi
934 1036 1112 1067 Incumben-

38 1086 73 1116 tis
87 1084 231 1123 ejusdem,
246 1082 306 1120 jam
326 1088 495 1115 vacantem,
513 1078 546 1109 δε
561 1076 595 1106 ad
615 1076 741 1106 nostram
766 1076 1006 1108 presentationem
1027 1074 1112 1113 pleno

37 1126 98 1162 iure
112 1122 306 1161 spe&mtem3
334 1118 370 1149 Et
387 1118 547 1157 diriguntur
561 1116 599 1145 lie
612 1115 707 1146 Litere
724 1114 891 1151 Willielmo,
910 1115 1027 1145 London
1041 1113 1113 1153 Epi—

40 1163 167 1233 scssssste
183 1197 268 1238 Rege
286 1195 359 1235 apud
377 1192 657 1235 Wstmonasterium,
673 1193 774 1232 quinto
789 1192 836 1223 die
848 1192 1015 1223 Decembris.

598 1273 653 1301 Per
672 1273 767 1300 Breve
785 1269 818 1299 de
836 1271 961 1300 Privato
975 1266 1080 1306 Sigillo.

76 1355 225 1396 Johannes
245 1355 402 1392 Rayment,
421 1349 571 1386 Clericus,
589 1347 623 1377 ad
633 1347 777 1378 Vicariam
792 1348 826 1379 ὃς
848 1346 1006 1377 Ecclefiam
1028 1345 1116 1376 Paro-

41 1396 164 1428 chialem
178 1393 214 1423 de
223 1391 342 1431 Bursted
353 1393 463 1427 Magna
479 1390 507 1417 in
523 1387 672 1418 Comitatu
688 1385 818 1425 Effixie,
838 1386 970 1416 Diocesis
986 1385 1115 1422 London,

38 1437 99 1475 jam
115 1427 292 1470 vacantem,
312 1431 346 1461 &
365 1429 400 1460 ad
419 1427 545 1458 nostram
564 1426 806 1464 presentationem
823 1426 932 1455 ratione
946 1424 1116 1454 minoritatis

43 1471 191 1506 Willielmi
203 1469 330 1500 Domini
345 1470 428 1498 Petre
442 1465 546 1497 Wardi
560 1465 670 1502 nostri,
689 1474 741 1503 pro
755 1465 808 1495 hac
828 1465 891 1494 vice
918 1463 1114 1502 spectantem,

56 1513 98 1545 Et
113 1512 273 1551 diriguntur
288 1509 323 1540 he
339 1507 433 1538 Litere
456 1507 498 1536 W
498 1503 625 1543 illielmo,
642 1503 759 1533 London
775 1502 932 1542 Episcopo.
956 1541 961 1546 ‘

79 1551 169 1582 Teste
189 1547 273 1588 Rege
294 1547 371 1586 apud
396 1542 675 1584 lfflstmonasterium,
692 1542 808 1572 decimo
818 1542 925 1572 ostavo
934 1540 980 1571 die
989 1543 1116 1570 Novem-

46 1592 116 1624 bm'
619 1622 674 1650 Per
689 1622 783 1650 Breve
798 1619 830 1650 de
846 1621 966 1649 Privato
979 1617 1081 1656 Sigillo.

81 1706 196 1738 Carolus
209 1704 361 1744 Fotherby,
381 1701 528 1736 Clericus,
545 1697 581 1729 ad
604 1697 776 1728 Rectoriam
800 1698 834 1729 &
855 1695 1010 1728 Ecclesiam
1028 1694 1116 1726 Paro-

46 1747 172 1778 chialem
194 1745 231 1777 de
245 1748 286 1775 St.
302 1747 369 1773 Ives
385 1742 414 1770 in
429 1739 582 1770 Comitatu
601 1736 750 1774 cornubie,
772 1735 903 1767 Diocesis
917 1738 1047 1772 Exonie,
1065 1744 1116 1772 per

49 1794 174 1816 mortem
189 1782 345 1814 naturalem
366 1780 458 1810 ultimi
475 1776 672 1807 incumbentis
685 1774 809 1813 ejusdem
832 1774 924 1805 modo
947 1783 1117 1811 vacantem,

48 1825 83 1855 ὃ(
97 1824 131 1854 ad
147 1822 273 1853 nostram
283 1819 524 1851 Presentationem
542 1814 627 1852 pleno
636 1814 699 1856 jure
716 1813 911 1851 spectantem3
937 1812 975 1843 Et
988 1813 1118 1851 dirigun-

48 1872 96 1895 tur
123 1863 159 1892 he
186 1860 282 1891 Litere
300 1857 438 1897 Jofi’pho,
465 1856 574 1884 Exonie
600 1852 775 1897 Episcopo.⁷
912 1891 916 1896 Ι
1013 1891 1018 1895 ῃ

85 1900 176 1932 Teste
196 1898 281 1939 Rege
305 1897 380 1936 apud
398 1891 661 1934 Westnmnasterium
675 1913 685 1930 ,
710 1891 829 1922 decimo
850 1890 971 1929 septimo
991 1889 1037 1920 die
1055 1892 1118 1921 No-

160 1949 184 1969 s.

50 1939 159 1972 vemzm
606 1972 661 2001 Per
681 1972 777 2000 Breve
795 1969 828 1999 de
845 1971 968 2000 Privato
982 1966 1082 2006 sigillo.

87 2053 256 2086 Willielmus
273 2051 400 2090 erhart
411 2074 420 2090 ,
437 2049 585 2088 Clericus,
604 2048 639 2079 ad
654 2047 827 2078 Rezfmriam
844 2047 877 2078 &
893 2045 1052 2078 Ecclesiam
1068 2045 1122 2077 Pa·

49 2095 206 2126 rochialem
222 2094 257 2123 de
280 2094 321 2122 W
324 2090 406 2121 ithi'el
426 2091 458 2119 in
481 2089 631 2119 Comitatu
653 2087 802 2124 Cornubie,
835 2085 966 2116 Diocesis
993 2086 1121 2128 Exoriie,

70 2145 99 2165 er
117 2132 273 2164 cessionem
297 2131 353 2160 five
375 2129 494 2159 liberam
516 2128 550 2158 &
575 2128 762 2165 spontaneam
781 2124 1006 2161 resignationem
1026 2124 1119 2154 ultimi

67 2172 250 2204 ncumbentis
269 2169 379 2200 ibidem
395 2168 457 2206 jam
475 2175 646 2203 vacantem,
673 2165 706 2195 ὃ(
731 2163 767 2194 ad
791 2163 920 2194 nostram
940 2162 1122 2202 presentatio-

50 2221 121 2244 nem
139 2211 247 2241 ratione
262 2208 379 2238 minoris
393 2207 472 2237 etatis
679 2202 815 2240 Glanvil,
835 2212 888 2240 pro
902 2203 955 2233 hac
972 2203 1037 2232 vice
1059 2202 1120 2240 spe-

50 2251 197 2287 &antem3
216 2247 254 2278 Et
268 2247 429 2283 diriguntur
443 2245 482 2275 he
500 2244 595 2274 Litere
612 2240 733 2281 Joft’pho
743 2265 754 2280 ,
773 2244 882 2271 Exonie
902 2241 1058 2279 Episcopo.

87 2287 180 2320 Teste
197 2286 281 2325 Rege
298 2285 371 2324 apud
393 2282 668 2323 Wstmonasterium,
687 2283 772 2312 tertio
792 2280 909 2311 decimo
930 2281 977 2310 die
994 2282 1121 2310 Novem-

48 2326 115 2360 ὄψ’
612 2360 667 2388 Per
685 2360 779 2388 Breve
796 2358 828 2388 de
845 2360 966 2389 Privato
985 2356 1083 2396 Sigillo.

88 2441 237 2483 Johannes
252 2437 386 2479 Wtsbn,
401 2436 551 2474 Clericus,
568 2434 604 2466 ad
619 2434 762 2466 Vicariam
781 2435 836 2466 five
850 2435 1011 2467 Ecclesiam
1036 2434 1124 2465 Paro-

51 2481 178 2514 chialem
193 2480 231 2511 de
252 2477 401 2509 Wroxham
422 2486 492 2507 cum
510 2474 672 2513 Salehousb,
698 2474 831 2505 Diocesis
852 2474 1054 2514 Norwicenfis,
1074 2484 1123 2511 per

53 2530 182 2553 mortem
197 2518 353 2550 naturalem
371 2516 462 2547 ultimi
476 2513 676 2544 [ncumbentis
688 2513 816 2550 ibidem,
831 2513 891 2550 jam
903 2523 1053 2544 vacantem
1088 2514 1122 2544 &

52 2561 88 2592 ad
106 2559 232 2590 nostram
251 2556 487 2595 presentationem
501 2553 608 2583 ratione
623 2552 743 2581 minoris
756 2553 834 2582 etatis
841 2551 938 2581 Thome
952 2552 1049 2582 Corbet
1060 2535 1124 2582 lvii-

52 2600 127 2637 litis,
143 2608 197 2637 pro
212 2597 264 2627 liac
279 2597 345 2626 vice
359 2593 550 2632 specstantem5
571 2590 609 2621 Et
623 2591 781 2629 diriguntur
797 2591 832 2621 he
856 2591 954 2622 Litere
967 2590 1102 2620 Richardo
1113 2613 1123 2629 ,

57 2635 228 2674 Norwicenfi
242 2633 398 2673 Episcopo.
845 2669 850 2673 ”

94 2675 184 2707 Teste
202 2674 285 2713 Rege
301 2672 375 2712 apud
395 2667 674 2710 Westmonasterium,
693 2667 803 2699 octavo
822 2668 869 2699 die
884 2667 1063 2698 Novembris.

616 2747 669 2774 Per
692 2748 786 2775 Breve
800 2746 833 2775 de
852 2747 974 2776 Privato
990 2744 1090 2783 sigillo.

95 2826 246 2860 Richardus
260 2825 419 2863 Edwards,
438 2823 588 2861 Clericus,
614 2822 649 2852 A.
667 2820 714 2851 M.
736 2822 770 2852 ad
791 2822 934 2853 Vicariam
958 2831 1123 2862 perpetuam

59 2867 117 2899 sive
132 2865 290 2898 Ecclesiam
305 2863 500 2895 Parochialem
521 2861 557 2891 de
574 2860 707 2890 Bucknill
717 2861 781 2890 alias
803 2860 982 2898 Buckenhill,
1001 2862 1031 2890 in
1057 2860 1122 2890 Co-

57 2908 159 2938 mitatu
173 2904 295 2943 salome,
314 2902 447 2933 Diocesis
461 2899 642 2940 Herefordie,
659 2909 708 2936 per
723 2906 845 2929 mortem
857 2900 1011 2929 naturalem
1030 2899 1123 2929 ultimi

57 2944 260 2977 Incumbentis
275 2941 382 2972 ibidem
399 2942 454 2978 jam
468 2948 615 2969 vacantem
626 2960 635 2975 ‚
651 2939 684 2968 &
695 2938 730 2967 ad
740 2938 867 2968 nostram
883 2937 1124 2975 presentationem

56 2985 166 3015 ratione
179 2982 299 3012 minoris
314 2981 394 3011 etatis
410 2981 512 3008 Briam'
526 2977 670 3007 Crowther
686 2976 788 3006 W⁷ardi
801 2976 908 3013 nostri,
927 2986 980 3014 pro
993 2976 1046 3006 hac
1060 2976 1125 3006 vice

58 3022 250 3060 spectantem,
275 3019 314 3050 Et
335 3018 499 3056 diriguntur
525 3017 562 3047 he
588 3016 684 3047 Litere
708 3018 820 3053 Georgia
838 3037 847 3053 ,
873 3014 1038 3054 Herefordr'e
1056 3013 1127 3053 Epi-

56 3062 188 3131 stop-gae
205 3097 293 3137 Rege
310 3094 384 3135 apud
404 3092 657 3135 Wrstmonasterium
668 3115 678 3131 ,
697 3091 819 3132 septimo
831 3092 877 3123 die
890 3091 1069 3123 Novembris.

633 3172 686 3200 Per
700 3172 794 3200 Breve
808 3170 840 3200 de
853 3172 974 3201 Privato
991 3170 1092 3210 Sigillo-

101 3253 240 3292 Johannes
256 3250 362 3290 Lloyd,
381 3249 531 3286 Clericus,
549 3247 584 3278 ad
600 3246 745 3278 Vicariam
763 3248 796 3278 δε
808 3247 963 3278 Ecclesiam
979 3246 1131 3278 Parochia-

63 3292 122 3323 lem
138 3293 173 3321 de
185 3290 361 3328 Trevegloys,
379 3288 513 3319 Diocesis
521 3289 648 3323 Bangor‚
669 3295 719 3323 per
732 3285 902 3316 Cessionem
910 3287 1002 3316 ultimi
1012 3286 1130 3316 Incum-

66 3331 160 3361 bentis
173 3329 295 3366 ejusdem
307 3330 367 3365 jam
383 3336 533 3358 vacantem
549 3349 558 3363 ‚
581 3327 615 3356 &
633 3324 666 3354 ad
686 3324 813 3354 nostram
831 3325 1065 3361 presentationem
1086 3334 1129 3355 ra-

67 3370 151 3401 tione
165 3368 331 3398 minoritatis
345 3369 441 3403 Rogeri
457 3367 526 3404 Pope
541 3363 680 3400 Armigeri
690 3385 699 3400 ,
717 3362 818 3392 Wardi
832 3362 922 3393 nostri
944 3373 995 3400 pro
1011 3364 1064 3393 hac
1086 3363 1130 3393 vi-

68 3417 104 3438 ce
120 3406 314 3443 spectantem,
337 3404 374 3435 Et
396 3404 554 3443 diriguntur
572 3402 611 3432 he
629 3401 725 3430 Litere
739 3400 908 3439 lVr'llr'elmo,
927 3403 1039 3439 Bangor
1061 3400 1132 3438 Epi-

67 3445 117 3476 sco
138 3454 167 3474 0.

106 3454 197 3515 Teste
210 3480 297 3519 Rege
310 3480 383 3518 apud
398 3480 542 3520 Canbury,
560 3477 698 3510 vicesimo
714 3476 839 3508 secundo
852 3477 899 3508 die
915 3477 1012 3516 Juliii.

621 3557 676 3585 Per
695 3557 789 3585 Breve
806 3554 838 3584 de
854 3557 976 3585 Privato
998 3552 1098 3591 Sigillo.

0 3664 10 3672 .
110 3635 275 3667 lVillieImus
289 3633 438 3671 Amiand,
454 3632 601 3672 Clericus,
628 3632 664 3663 A.
682 3631 730 3662 M.
747 3631 782 3662 ad
804 3631 947 3662 Vicariam
969 3637 1134 3668 perpetuam

14 3679 20 3686 ⁹
70 3674 197 3706 Ecclesie
211 3672 382 3706 Parochialis
405 3672 441 3702 de
455 3672 572 3710 Selling,
592 3671 724 3702 Diocesis
742 3669 965 3709 Carztuarienfis,
983 3678 1033 3706 per
1053 3677 1132 3697 mor-

71 3724 133 3747 tem
151 3713 302 3743 naturalem
322 3711 417 3742 ultimi
430 3709 629 3740 Incumbeiitis
643 3710 751 3740 ibidem
773 3711 829 3746 jam
853 3717 1017 3745 vacantem,
1041 3707 1075 3737 &
1097 3704 1133 3735 ad

72 3751 199 3783 nostram
213 3750 447 3790 presentationem
464 3751 572 3778 ratione
587 3749 737 3778 insanitatis
753 3747 799 3778 vel
808 3745 1057 3777 MorbiLunatici
1066 3743 1133 3774 Do-

74 3791 154 3822 mine
165 3789 318 3820 Catharine
333 3788 421 3818 Sands
436 3786 536 3824 vidue,
553 3787 608 3816 five
623 3796 669 3824 per
691 3786 814 3824 Lapsum
831 3786 986 3822 temporis,
1011 3784 1132 3821 pravita—

73 3838 135 3862 tem
150 3828 281 3859 Simonie
297 3826 342 3857 vel
353 3826 408 3857 alio
421 3834 593 3863 quocunque
607 3825 697 3854 modo
711 3825 763 3854 hac
778 3825 841 3854 vice
862 3823 1038 3861 spectantem
1054 3833 1065 3859 3
1092 3820 1131 3851 Et

73 3868 233 3905 diriguntur
248 3867 283 3897 he
294 3865 389 3895 Litere
405 3866 447 3894 W
446 3863 570 3900 ilhelmo,
584 3862 774 3902 Cantuarienfi
782 3862 1027 3901 Archiepiscopo,
1046 3861 1132 3890 totius

74 3906 179 3944 Anglie
194 3905 313 3936 Primati
327 3903 360 3933 &
376 3901 612 3938 Metropolitano.

70 3945 200 4014 &Teste
213 3942 298 3983 Rege
315 3940 389 3980 apud
408 3937 665 3980 Wstmonasterium
679 3960 688 3976 ‚
711 3938 847 3970 vicesimo
867 3939 965 3977 primo
982 3938 1029 3969 die
1051 3937 1134 3968 0050-

106 3994 139 4015 is.

630 4016 683 4044 Per
699 4016 793 4045 Breve
810 4016 842 4046 de
862 4018 981 4047 Privato
996 4015 1098 4055 Sigillo.

444 94 1244 144 CONVENTIONES,
1300 94 1694 148 LITERAE,

1177 184 1197 203 ³²
1214 182 1546 227 Leonardusfloleman,
1564 184 1715 223 Clericus,
1732 184 1769 216 A.
1788 181 1837 215 M.
1860 183 1896 216 ad
1916 178 2090 216 Resto‘riam
2106 183 2140 216 &
2153 179 2215 215 Ec·
2231 176 2306 210 Ann-
2317 173 2362 210 D-

1141 221 1252 253 clesiam
1270 221 1469 252 Parochialem
1483 222 1521 253 de
1536 223 1651 263 Gaudby
1665 224 1836 261 Marwood,
1854 224 1884 254 in
1894 223 2048 255 Comitatu
2061 222 2215 263 Leicestrie,
2256 219 2346 258 1639.

1142 260 1274 291 Diocesis
1287 259 1447 298 Lincolnie,
1468 270 1519 298 per
1534 261 1655 292 liberam
1669 263 1703 293 δι
1716 262 1898 300 spontaan
1913 263 2131 301 resignationem
2147 262 2216 293 ulti·
2230 262 2285 285 An.
2308 266 2354 293 ¹5·

1143 301 1183 329 mi
1202 299 1401 330 Incumbentis
1414 299 1523 330 ibidem
1536 300 1596 338 jam
1611 309 1780 340 vacantem,
1798 301 1833 332 &
1845 301 1880 331 ad
1894 301 2023 333 nostram
2032 302 2215 341 presentatio·
2228 299 2292 324 Car.
2318 305 2344 323 ¹·

1142 347 1211 368 nem
1222 338 1277 368 hac
1287 339 1364 376 vice,
1380 339 1491 368 ratione
1508 339 1628 370 minoris
1642 339 1722 370 etatis
1738 341 1847 376 Georgii
1863 339 1978 370 Villiers
1993 339 2139 371 Baronetti
2153 340 2217 377 spe-
2237 335 2255 352 *
2267 336 2337 365 XX-

1143 377 1290 414 &antem3
1309 375 1523 420 Erdiriguntur
1541 377 1578 409 he
1593 378 1690 409 Litere
1706 382 1742 406 W
1744 377 1872 417 illielmo,
1891 379 2082 420 Cantuarienfi
2092 379 2215 411 Archie-
2234 373 2299 412 384·

1143 414 1283 452 plscopo,
1302 422 1391 445 totius
1405 414 1510 452 Anglie
1525 416 1644 448 Ptimati
1659 417 1692 448 &
1709 415 1954 455 Metropolitano.

1146 452 1275 523 &geste
1290 451 1373 492 Rege
1395 454 1472 492 apud
1488 454 1749 496 Westmonaflerium
1759 478 1769 494 ,
1786 455 1931 487 tricesimo
1950 456 2050 494 primo
2064 455 2111 488 die
2131 458 2216 488 Οέἶο-

2277 421 2323 448 24-

1631 533 1685 562 Per
1704 535 1798 563 Breve
1815 532 1848 563 de
1867 535 1991 564 Privato
2008 531 2111 573 Sigillo.

1180 615 1298 650 Rogerus
1313 610 1470 651 Marfhall,
1489 609 1636 651 Clericus,
1653 612 1689 643 ad
1702 613 1847 645 Vicariam
1869 613 1927 646 five
1947 613 2105 645 Ecclesiam
2132 623 2218 653 paro-
2279 611 2325 640 ²3·

1146 651 1267 683 chialem
1283 652 1318 682 de
1331 650 1462 682 Carleton
1476 653 1504 681 in
1523 650 1688 689 Morelarid,
1706 651 1839 683 Diocesis
1855 652 2018 693 Lincolnie,
2035 654 2091 691 jam
2112 663 2219 684 vacan-

1143 698 1222 728 tem,
1238 701 1285 730 per
1296 698 1423 721 mortem
1439 690 1595 720 naturalem
1610 690 1703 721 ultimi
1712 689 1909 721 Incumbentis
1917 692 2047 730 ibidem,
2065 693 2099 724 ὅτ
2111 691 2147 722 ad
2160 701 2217 723 no-

1147 729 1236 760 stram
1244 729 1483 767 presentationem
1500 730 1609 759 ratione
1626 729 1746 759 minoris
1760 729 1841 759 etatis
1855 730 1951 766 Georgi
1963 729 2105 761 Rothwell
2117 730 2219 762 Armi-

1144 768 1222 806 geri,
1240 778 1294 806 pto
1306 768 1362 800 hac
1377 769 1442 799 vice
1455 767 1651 806 speritantem3
1689 767 1728 799 Et
1743 767 1901 807 diriguntur
1916 768 1954 799 he
1974 769 2070 801 Litere
2091 771 2135 800 W
2135 768 2218 800 illiel-

1144 818 1203 843 mo,
1223 806 1412 846 Cantuariensc
1429 807 1665 847 Archiepiscopo.

1147 845 1274 914 &Teste
1288 846 1372 885 Rege
1388 845 1465 884 apud
1482 844 1765 886 Wstmonasterium‚
1782 844 1922 876 vicefimo
1940 845 2049 882 oetavo
2064 847 2111 879 die
2133 847 2218 878 0630·

1179 896 1188 913 ι
1205 907 1211 914 ’
1632 925 1687 954 Per
1707 925 1801 953 Breve
1817 921 1850 951 de
1867 923 1992 952 Privato
2006 921 2107 960 Sigillo.

1182 1003 1311 1040 Georgius
1324 1001 1497 1040 Gillingham
1506 1025 1515 1039 ,
1534 1001 1565 1032 S.
1578 999 1620 1031 T.
1629 999 1665 1031 P.
1678 1001 1712 1032 &
1726 1009 1798 1031 unus
1812 998 2040 1038 Capellanorum
2053 998 2144 1039 Regis
2157 999 2218 1031 Or-

1146 1040 1345 1080 dinariorum,
1361 1041 1396 1072 ad
1412 1040 1630 1072 Canonicatum
1660 1038 1719 1070 five
1743 1038 1926 1070 Prebendam
1948 1038 2025 1068 illam
2046 1039 2076 1068 in
2096 1039 2224 1070 Ecclesia

1148 1079 1244 1110 nostra
1258 1079 1419 1118 collegiata
1436 1080 1493 1110 five
1509 1080 1595 1110 libera
1611 1077 1727 1115 Capella
1750 1077 1847 1108 nostra
1865 1077 1954 1116 Regia
1972 1077 2069 1107 Sand't'i
2093 1081 2221 1116 Georgii,

1146 1118 1219 1149 infra
1234 1117 1372 1149 Castrum
1387 1118 1518 1150 nostrum
1535 1119 1572 1148 de
1587 1116 1729 1157 Windsbr,
1748 1126 1798 1154 per
1810 1124 1938 1146 mortem
1953 1116 2111 1147 naturalem

1147 1156 1230 1196 Elly,
1244 1157 1274 1187 S.
1287 1157 1330 1188 T.
1347 1157 1382 1187 P.
1401 1157 1496 1187 ultimi
1509 1155 1655 1186 Canonici
1669 1156 1725 1186 sive
1740 1155 1927 1188 Prebendarii
1944 1155 2052 1185 ibidem
2063 1178 2072 1194 ,
2093 1156 2153 1194 jam
2169 1165 2219 1187 va-

1146 1204 1260 1226 cantem
1270 1218 1279 1233 ,
1297 1197 1330 1226 &
1345 1195 1379 1226 ad
1395 1194 1523 1226 nostram
1537 1194 1732 1225 Collationem
1747 1195 1781 1226 &
1798 1194 1915 1225 liberam
1931 1193 2146 1233 dispositionem
2163 1195 2225 1233 ple-

1147 1244 1190 1265 no
1204 1235 1266 1271 jure
1281 1233 1465 1272 spectantem.

1148 1311 1165 1341 b
1186 1271 1278 1319 Teste
1297 1272 1383 1312 Rege
1403 1272 1477 1311 apud
1498 1270 1760 1312 Wstmonalberium
1772 1293 1784 1310 ,
1805 1271 1945 1303 viccfimo
1960 1272 2058 1310 primo
2078 1271 2125 1304 die
2137 1273 2222 1304 0630-

1167 1322 1181 1340 Υ
1182 1323 1214 1342 15.

2279 1022 2325 1043 22.

1634 1350 1689 1378 Per
1707 1351 1801 1379 Breve
1819 1348 1853 1378 de
1873 1351 1996 1380 Privato
2014 1348 2115 1387 sigillo.

1186 1427 1302 1458 Thomas
1316 1427 1474 1468 Harrisbn,
1492 1425 1642 1463 Clericus,
1661 1425 1700 1456 A.
1717 1425 1763 1456 M.
1777 1425 1812 1456 ad
1827 1425 1995 1457 Reetoriam
2012 1428 2045 1458 &
2059 1426 2218 1460 Ecclesiam

1149 1467 1340 1506 parochialem
1356 1468 1392 1497 de
1408 1470 1555 1504 Lanivet‚
1574 1467 1602 1495 in
1619 1464 1770 1496 Comitatu
1784 1466 1931 1503 cornubie,
1947 1465 2080 1496 Diocefis
2095 1468 2222 1505 Exonie,

1144 1508 1206 1544 jam
1222 1506 1257 1536 de
1269 1507 1331 1544 jure
1344 1516 1512 1542 vacantem,
1532 1507 1566 1536 &
1582 1503 1617 1535 ad
1632 1503 1759 1534 nostram
1782 1504 2021 1542 presentationem
2038 1514 2090 1542 pro
2107 1504 2162 1535 hac
2178 1507 2222 1535 vi-

1151 1555 1203 1582 ce,
1224 1555 1274 1583 per
1292 1544 1419 1582 Lapsum
1435 1545 1589 1583 temporis,
1608 1543 1776 1579 pravitatem
1792 1542 1924 1574 Simonie
1939 1543 1987 1574 vel
2002 1543 2060 1573 alio
2074 1553 2224 1582 quocum-

1150 1584 1317 1652 (liiuesmodo
1329 1584 1519 1624 spectantem,
1546 1581 1584 1613 Et
1599 1582 1758 1621 diriguntur
1778 1580 1815 1611 he
1830 1580 1928 1612 Litere
1947 1580 2088 1621 Jofi’pho‚
2114 1584 2224 1614 Exonie

1189 1632 1206 1650 η
1220 1632 1257 1652 co
1280 1633 1307 1652 ο.

1152 1699 1167 1730 h
1182 1632 1278 1692 ξΓείὶεὲ
1294 1660 1378 1701 Rege
1395 1659 1472 1699 apud
1488 1658 1769 1699 Wstmonasterium,
1796 1657 1913 1689 decimo
1928 1657 2052 1697 septimo
2074 1657 2123 1690 die
2138 1660 2223 1690 Οἱῖο-

1170 1710 1216 1730 ris.

2276 1439 2322 1459 21.

1639 1738 1693 1766 Per
1713 1739 1804 1766 Breve
1822 1734 1855 1765 de
1873 1736 1996 1766 Privato
2014 1733 2118 1775 sigilla.

1190 1816 1324 1847 Robertus
1339 1813 1424 1854 Rich,
1443 1813 1571 1846 Clericus
1580 1837 1589 1852 ,
1606 1812 1641 1843 ad
1656 1811 1804 1843 Vicariam
1815 1820 1985 1850 perpetuam
1999 1811 2128 1845 Ecclefie
2141 1823 2226 1852 pai-0-

1153 1855 1250 1886 chialis
1264 1855 1300 1885 de
1316 1855 1443 1894 Gedney,
1463 1853 1595 1884 Diocesis
1610 1851 1772 1887 Lincolnie,
1788 1861 1836 1888 per
1851 1851 1968 1882 liberam
1991 1851 2026 1883 &
2039 1852 2224 1890 spontaneam

1154 1894 1374 1933 resignationem
1389 1893 1529 1923 Ludovici
1559 1895 1681 1929 Weams,
1706 1890 1737 1921 S.
1757 1889 1800 1920 T.
1823 1889 1856 1921 P.
1874 1891 1931 1929 jam
1947 1898 2116 1929 vacantem,
2141 1892 2174 1923 &
2189 1893 2225 1924 ad

1154 1936 1281 1963 nostram
1297 1932 1536 1971 presentationem
1550 1930 1636 1970 pleno
1653 1930 1717 1967 jure
1732 1928 1923 1968 speetantem3
1949 1928 1988 1959 Et
2008 1929 2060 1959 diri
2083 1938 2169 1961 untur
2186 1932 2225 1963 he

1155 1972 1251 2002 Litere
1269 1970 1442 2007 {Villielmffi
1460 1968 1656 2009 Cantuarienfi
1670 1967 1916 2007 Archiepiscopo,
1933 1968 2043 1998 ratione
2058 1968 2225 2007 buspenfio-

1157 2012 1200 2041 nis
1214 2009 1347 2049 Episcopi
1364 2008 1518 2039 Lincolnie.

1191 2047 1282 2080 Teste
1294 2047 1381 2088 Rege
1395 2046 1468 2086 apud
1481 2043 1760 2088 Wrstmonasterium,
1777 2044 1896 2076 decimo
1907 2043 1985 2076 sexto
1997 2045 2044 2076 die
2057 2045 2201 2078 Obi‘obris.=

2286 1824 2333 1848 20ss

1649 2125 1704 2154 Per
1722 2125 1816 2153 Breve
1833 2122 1866 2153 de
1884 2124 2006 2154 Privato
2019 2123 2123 2162 sigillo.

1190 2203 1348 2245 Francifius
1362 2202 1485 2242 Strond,
1504 2201 1653 2240 Clericus,
1670 2200 1704 2232 ad
1720 2200 1893 2232 Reaoriam
1907 2199 2037 2231 Ecclefie
2057 2201 2228 2239 parochialis

1153 2243 1189 2274 de
1200 2244 1318 2284 Cadley,
1336 2242 1467 2273 Diocesis
1483 2244 1610 2278 Exonie,
1625 2241 1686 2279 jam
1701 2249 1752 2279 per
1768 2249 1896 2270 mortem
1912 2240 2068 2271 naturalem
2077 2240 2168 2271 ultimi
2177 2239 2226 2270 In-

1154 2283 1316 2313 cumbentis
1341 2282 1466 2316 ibidem,
1487 2282 1521 2312 &
1536 2280 1570 2311 ad
1586 2279 1713 2310 nostram
1731 2279 1968 2318 presentationem
1987 2280 2095 2310 ratione
2109 2280 2228 2310 minoris

1155 2323 1233 2352 etatis
1253 2324 1368 2350 Simonis
1383 2320 1490 2358 Leech,
1508 2329 1562 2359 pro
1580 2319 1633 2349 hac
1652 2319 1717 2350 vice
1734 2319 1907 2358 spectantem
1924 2329 1936 2356 5
1960 2316 1999 2348 Et
2017 2317 2163 2357 dirigunur
2184 2317 2224 2349 he

1155 2360 1253 2391 Litere
1269 2359 1408 2399 Josepho,
1424 2361 1532 2388 Exonre
1550 2357 1702 2395 Episcopo.

1193 2399 1281 2430 Teste
1299 2399 1381 2437 Rege
1396 2398 1471 2436 apud
1486 2396 1760 2437 Westmonasterium,
1778 2404 1879 2426 nonoo
1895 2393 1943 2425 die
1960 2394 2096 2425 Offobris.

2290 2204 2335 2238 Ι9ἶ,

1645 2479 1700 2507 Per
1715 2479 1811 2508 Breve
1828 2476 1860 2506 de
1877 2478 2002 2506 Privato
2020 2475 2122 2514 Sigillo.

1192 2565 1353 2605 franciscus
1367 2564 1503 2611 warstan,
1520 2564 1672 2604 ctericus,
1697 2563 1727 2595 s.
1747 2563 1788 2594 T.
1805 2562 1840 2594 P.
1859 2562 2156 2597 Subeleemozinarius
2173 2567 2227 2597 Rea
2293 2556 2336 2586 ¹⁸·

1151 2608 1210 2644 gis,
1229 2605 1263 2636 ad
1284 2605 1451 2636 Redtoriam
1467 2604 1523 2635 five
1538 2603 1698 2634 Ecclesiam
1712 2602 1903 2641 parochialem
1919 2602 1955 2632 de
1971 2603 2094 2642 Sandys,
2112 2604 2227 2636 Dioce-

1159 2645 1190 2674 sis
1210 2645 1369 2681 Lincolnie,
1389 2654 1438 2682 per
1454 2652 1581 2674 mortem
1602 2642 1758 2673 naturalem
1784 2641 1877 2671 ultimi
1895 2639 2093 2673 Incumbentis
2114 2643 2224 2674 ibidem

1155 2684 1213 2722 jam
1221 2693 1389 2721 vacantem,
1400 2684 1433 2714 ὃς
1449 2681 1482 2712 ad
1500 2681 1629 2712 nostram
1645 2680 1883 2719 presentationem
1898 2680 2007 2710 ratione
2017 2681 2132 2711 minoris
2145 2683 2226 2712 etatis

1159 2724 1271 2752 Henrici
1290 2722 1415 2752 Domini
1428 2723 1540 2758 Spencer
1556 2730 1608 2758 pro
1622 2721 1676 2750 hac
1690 2720 1756 2749 vice
1770 2717 1963 2755 smel-antem,
1999 2717 2039 2748 Et
2061 2718 2227 2756 diriguntur

1158 2762 1196 2791 he
1213 2761 1309 2791 Litere
1322 2759 1484 2796 Willielmo,
1503 2757 1699 2797 Cantuarienfi
1715 2755 1962 2794 Archiepiscopo,
1978 2757 2086 2788 ratione
2102 2756 2225 2796 Suspen-

1160 2799 1242 2829 sionis
1255 2799 1389 2836 Episcopi
1405 2796 1560 2827 Lintolnie.

1197 2837 1288 2868 Teste
1304 2837 1387 2875 Rege
1403 2835 1478 2875 apud
1491 2835 1629 2873 Canbury,
1652 2833 1770 2865 decimo
1785 2833 1871 2864 tertio
1884 2831 1933 2864 die
1950 2832 2080 2872 Augusti.

1635 2912 1690 2941 Per
1708 2913 1806 2942 Breve
1826 2911 1860 2941 de
1878 2911 1999 2941 Privato
2016 2909 2119 2948 Sigillo.

1195 3004 1312 3040 Rogerus
1327 2998 1500 3038 mamad,
1518 2997 1667 3036 Clericus,
1685 2997 1724 3028 A.
1740 2996 1789 3029 M.
1809 2996 1845 3028 ad
1865 2996 2037 3029 Rectoriam
2055 2997 2111 3030 five
2125 2998 2231 3032 Eccle-

1161 3040 1228 3071 siam
1249 3039 1443 3078 parochialem
1466 3037 1503 3068 de
1525 3036 1683 3075 Broughton
1705 3046 1776 3068 cum
1799 3036 1918 3076 Capella
1937 3036 2046 3068 annexa
2059 3059 2070 3075 ,
2096 3037 2230 3069 Diocesis

1160 3082 1318 3118 uf'intanie,
1331 3079 1393 3117 jam
1416 3077 1452 3107 de
1471 3077 1533 3115 jure
1548 3084 1718 3114 vacantem,
1735 3076 1770 3106 &
1791 3074 1826 3104 ad
1842 3076 1972 3106 nostram
1991 3076 2227 3115 presentationem

1160 3119 1216 3149 five
1237 3127 1285 3155 per
1303 3117 1468 3155 pravitatem
1488 3114 1618 3146 Simonie
1633 3114 1679 3146 vel
1701 3113 1757 3144 alio
1774 3123 1952 3152 quocunque
1972 3114 2064 3145 modo
2077 3113 2164 3150 pleno
2181 3115 2226 3152 ju-

1160 3168 1191 3226 ἒς
1209 3156 1404 3195 spectantem,
1430 3153 1470 3185 Et
1484 3154 1642 3194 diriguntur
1660 3154 1697 3184 he
1714 3152 1813 3184 Litere
1827 3152 1980 3191 Gualtero,
1999 3154 2139 3183 Wintonie
2153 3151 2224 3192 Epi-

1174 3206 1210 3226 co
1232 3206 1261 3226 o.

1197 3205 1288 3266 Tpeste
1301 3232 1390 3271 Rege
1401 3230 1476 3270 apud
1490 3230 1616 3271 Canbury
1626 3254 1637 3271 ‚
1652 3238 1755 3270 quarto
1769 3229 1887 3262 decimo
1900 3228 1947 3260 die
1957 3226 2088 3267 Augusti.

2296 3008 2341 3037 17.

1713 3308 1769 3337 Per
1785 3308 1880 3336 Breve
1898 3304 1932 3334 de
1950 3305 2072 3335 Privato
2088 3306 2190 3345 Sigillo.

1201 3396 1348 3436 Johannes
1369 3393 1537 3433 Ea'gcombe,
1559 3393 1708 3431 Clericus,
1732 3392 1770 3423 A.
1789 3390 1837 3422 M.
1856 3390 1890 3421 ad
1907 3389 2077 3423 Reitoriam
2100 3393 2231 3427 Ecclefie

1165 3436 1334 3475 parochialis
1347 3434 1384 3464 de
1404 3433 1500 3463 North
1515 3429 1633 3469 Huishe,
1651 3430 1784 3461 Diocesis
1807 3431 1931 3468 Exonie,
1953 3431 2014 3468 jam
2034 3441 2084 3471 per
2101 3441 2229 3464 mortem

1167 3475 1262 3505 ultimi
1288 3473 1482 3503 lncumbentis
1494 3470 1602 3501 ibidem
1616 3470 1672 3507 jam
1685 3476 1857 3507 vacantem,
1874 3469 1908 3499 &
1921 3470 1955 3499 ad
1974 3469 2101 3502 nostram
2117 3471 2229 3508 presen-

1165 3515 1307 3544 tationem
1321 3512 1379 3541 sive
1396 3520 1446 3547 per
1463 3509 1571 3547 lapsum
1586 3508 1743 3546 temporis,
1762 3507 1820 3538 five
1832 3516 1882 3545 per
1897 3509 2063 3545 pravitatem
2078 3509 2229 3550 Simonie,

1166 3560 1214 3584 aut
1226 3552 1333 3581 ratione
1350 3548 1502 3586 Utlagarie
1517 3547 1636 3578 Patroni
1651 3546 1728 3576 diere
1740 3544 1882 3584 Ecclefie,
1897 3547 1953 3577 five
1976 3547 2034 3577 alio
2053 3557 2228 3587 quocunque

1166 3589 1259 3620 modo
1276 3598 1330 3656 prEo
1343 3588 1398 3655 lisac
1412 3587 1475 3617 vice
1492 3585 1682 3623 speetantem3
1696 3583 1735 3616 Et
1750 3584 1911 3623 diriguntur
1931 3585 1970 3616 he
1983 3585 2078 3617 Litere
2090 3586 2229 3628 Jqfipho,

1166 3630 1278 3658 Exonie
1343 3636 1350 3655 ι
1363 3635 1401 3655 co
1423 3634 1450 3654 o.

1203 3665 1294 3697 Teste
1309 3636 1396 3702 Rpege
1403 3635 1488 3702 {pud
1508 3659 1773 3701 Wstmonasterium,
1791 3661 1936 3694 tricesimo
1955 3661 2003 3693 die
2016 3662 2187 3701 Septembris.

2291 3418 2334 3446 16.

1722 3739 1777 3769 Per
1794 3742 1888 3770 Breve
1905 3740 1938 3770 de
1954 3740 2076 3770 Privato
2092 3737 2195 3777 Sigillo,

1203 3823 1223 3843 ³¹²
1240 3821 1407 3853 Willielmus
1422 3823 1523 3863 Petty,
1539 3821 1686 3862 Clericus,
1704 3822 1734 3853 S.
1749 3823 1790 3854 T.
1805 3822 1883 3854 B.ad
1894 3821 2064 3854 Rectori‘am
2079 3823 2114 3854 &
2127 3823 2231 3858 Eccle-
2251 3842 2266 3859 ο
2284 3841 2353 3871 XX*

1167 3861 1234 3892 fiam
1250 3860 1444 3904 parochialem
1466 3861 1503 3904 de
1524 3863 1660 3900 Wmme,
1685 3861 1817 3892 Diocefis
1840 3865 1990 3892 coventrie
2012 3861 2050 3896 ὠ·
2073 3863 2232 3905 Lichenfis‚
2270 3880 2285 3907 8

1163 3901 1223 3940 jam
1239 3899 1365 3937 legitime
1378 3898 1411 3928 ὃς
1428 3899 1463 3929 de
1474 3909 1537 3937 Jure
1558 3909 1728 3937 vacantem,
1746 3901 1780 3930 δε
1794 3893 1830 3929 ad
1847 3899 1973 3930 nostram
1989 3899 2232 3935 Presentationem
2253 3889 2265 3918 3
2288 3888 2317 3945 ξ
2334 3920 2338 3923 ·

1169 3949 1219 3978 per
1237 3937 1343 3975 lapsum
1362 3940 1517 3976 temporis,
1535 3939 1704 3976 pravitatem
1713 3937 1844 3967 Simonie
1855 3937 1901 3967 seu
1914 3937 1970 3968 alio
1984 3947 2158 3980 quocunque
2166 3951 2233 3974 mo-
2308 3924 2338 3953 5²

1168 3978 1226 4014 do,
1239 3977 1304 4014 jure
1317 3975 1374 4004 five
1395 3976 1480 4006 tiiulo
1503 3986 1556 4014 pro
1578 3976 1633 4006 hac
1651 3977 1716 4006 vice
1732 3975 1928 4014 speEtantem3
1952 3975 1990 4009 Et
2013 3977 2175 4018 diriguntur
2195 3982 2233 4012 he

1172 4017 1270 4048 Litere
1283 4013 1420 4054 Roberto,
1437 4017 1587 4046 eoventrie
1599 4013 1638 4052 ῤ’
1653 4012 1795 4053 Lichenfis
1811 4013 1968 4054 Episcopo.

2136 4063 2139 4065 ’
2150 4055 2245 4095 ,Testes
