2561 4263
176 200 180 206 .
729 151 763 192 Ε
802 152 842 193 T
928 155 964 195 A
1007 156 1044 196 C
1085 154 1124 196 T
1164 158 1202 198 A

16 239 145 273 Anni).
202 238 399 270 Aldermannis
425 237 459 268 δε
481 235 667 276 Burgenfibus
688 235 774 276 Burgi
793 237 882 268 nostri
903 237 940 268 de
960 242 1035 278 Bury
1056 242 1151 271 SanHi
1169 241 1230 271 Ed-

17 281 72 347 211116.
80 288 131 345 3151..
166 279 329 353 Μῃέἴεζῇπί,
350 313 550 348 Aldermannis
564 314 598 344 δε
614 312 799 351 Burgenfibus
812 313 896 352 Burgi
909 313 945 344 de
957 315 1077 356 Sudbury
1087 339 1097 354 ,
1114 307 1228 356 ac'pro-

16 360 76 386 Car.
95 366 119 386 1.
168 355 211 384 bis
229 354 399 385 hominibus
421 353 450 381 in
467 351 571 381 eisdem
595 350 691 389 Villis,
711 351 807 390 Burgis
826 353 860 382 &
884 351 1026 383 Membris
1040 356 1228 393 eorumdem,

165 402 198 422 ac
216 392 246 420 in
270 391 349 420 Villis
363 391 400 420 de
421 389 614 428 lslsoodbridge,
630 389 740 427 Becles,
758 392 792 420 ὅ(
807 390 907 427 Clare,
925 392 958 422 &
974 392 1002 421 in
1023 394 1158 423 omnibus
1171 394 1229 424 aliis

164 428 401 506 ἕὲῐῗίιεὲεῇιῐιὲᾔιὶε,
419 428 528 459 Villatis
538 450 548 466 ‚
566 428 716 459 fflamlettis
732 429 766 459 &
779 428 836 458 aliis
849 428 921 460 locis
938 430 968 459 in
986 430 1066 461 dieto
1079 430 1228 462 Comitatu

202 542 284 583 These
300 554 348 574 are
361 551 388 573 to
403 542 434 572 be
449 541 566 579 charged
574 538 648 571 with
657 553 705 572 one
721 542 786 580 Ship
799 539 835 581 ⁰f
841 543 913 580 eight
926 543 1052 575 hundred
1055 548 1123 574 Tom-
1131 568 1140 583 ,
1149 557 1230 575 man-

166 583 218 612 ned
237 581 311 611 with
330 581 408 612 three
428 580 554 610 hundred
568 588 677 620 twenty
698 584 768 610 Men
787 582 846 611 and
856 583 948 612 double
968 585 1106 623 Equipage
1119 605 1129 621 ,
1154 583 1229 613 with

165 623 328 659 Munition,
350 625 442 656 Wages
455 619 513 649 and
530 621 558 648 V
560 618 669 649 refluals.
1120 649 1123 652 ,

205 695 289 734 Rex,
309 697 371 728 &c.
388 694 565 726 Vicecomiti
581 695 746 726 Comitatus
760 696 848 727 nostri
862 699 956 727 Hunt.

204 735 331 773 Maiori,
349 733 550 764 Aldermannis
565 734 597 764 &
613 733 797 772 Burgenlibus
812 735 895 773 Burgi
908 735 943 764 de
957 734 1155 771 Huntingdon,

202 773 330 810 Ballivis,
346 771 550 802 Affistentibus
560 774 594 803 ὅ(
607 772 823 803 Communitati
839 772 923 809 Burgi
939 772 975 801 de
994 771 1146 811 Gumcester
1163 771 1226 802 alias

164 810 407 850 Godmanchester,
417 821 450 841 ac
464 811 559 848 probis
575 811 742 840 hominibus
763 812 790 840 in
806 810 909 840 eisdem
926 809 1021 848 Burgi„¹
1038 811 1071 840 &
1083 810 1226 840 Membris

167 851 337 879 eorumdem
347 871 356 886 ,
371 859 404 878 ac
422 851 451 878 in
472 848 543 879 Villa
556 848 592 879 de
606 847 782 884 Kimbolton,
801 847 873 878 Villa
886 849 982 878 Saum
999 851 1095 878 lvonis
1106 849 1139 879 &
1152 847 1227 878 Villa

164 889 263 918 Sancii
277 890 379 924 Nem,
396 897 428 917 ac
445 888 473 917 in
488 889 621 917 omnibus
636 886 694 915 aliis
704 886 798 922 Villis,
818 885 932 924 Burgis,
949 886 1076 924 Villatis,
1091 886 1227 917 Hamlet-

165 927 200 957 tis
213 928 246 958 &
262 927 324 957 aliis
340 927 409 957 locis
424 927 451 955 in
466 926 547 956 dieto
563 924 710 954 Comitatu
725 926 817 954 Hunt.
843 924 984 955 Salutem.

39 718 122 743 Hunt.

207 1001 289 1042 These
304 1014 353 1033 are
370 1009 397 1032 to
412 1001 443 1031 be
459 999 575 1037 charged
588 997 660 1028 with
674 1010 724 1028 one
737 998 802 1038 Ship
817 999 854 1039 of
860 1008 917 1030 two
932 1000 1059 1030 hundred
1062 1003 1131 1030 Tam
1141 1022 1151 1037 ,
1169 1000 1232 1030 and

166 1043 288 1072 manned
300 1042 371 1071 with
377 1038 514 1079 fourfiore
528 1041 597 1068 Men
612 1038 671 1068 and
681 1037 775 1067 double
790 1041 816 1068 E
820 1042 950 1080 φύραμ’,
974 1037 1047 1068 with
1062 1041 1226 1077 Munium,

169 1083 266 1118 nages
280 1081 338 1110 and
350 1082 376 1109 V
378 1076 485 1109 iduals.

210 1157 297 1193 Rex,
315 1155 377 1186 &a
401 1153 580 1184 Vicecomiti
600 1151 763 1183 Comitatus
776 1151 864 1182 nostri
878 1154 964 1184 Buck.

207 1194 333 1231 Bauius,
348 1194 382 1224 ὅ(
397 1191 584 1230 Burgenfibus
601 1190 687 1229 Burgi
700 1192 733 1223 &
748 1190 887 1222 Parochie
908 1192 946 1221 de
962 1192 1158 1230 Buckingham.

205 1232 314 1300 Μαρεὶτί
323 1253 334 1270 ,
347 1229 459 1263 Ballivis
471 1231 504 1261 &
521 1228 710 1268 Burgeusibus
724 1228 812 1267 Burgi
826 1229 861 1261 de
876 1229 1009 1269 Chepping
1023 1232 1152 1262 Wicombe
1165 1231 1230 1262 alias

167 1275 274 1304 Wicom
291 1282 316 1299 e.

204 1310 336 1347 BalliviS,
361 1307 560 1338 Aldermannis
581 1306 615 1336 δε
635 1304 823 1346 Burgenfibus
844 1305 927 1344 Burgi
950 1306 984 1338 de
1007 1307 1180 1347 Ayleshury,
1197 1318 1230 1339 ac

171 1349 268 1388 probis
282 1347 451 1377 hominibus
466 1347 493 1375 in
510 1345 612 1375 eisdem
633 1344 732 1382 Burgis
754 1345 786 1374 ὃ(
803 1343 942 1375 Parochia
963 1346 996 1376 &
1018 1345 1164 1376 Membris
1179 1357 1230 1377 eo-

169 1387 321 1423 rumdem,
343 1385 376 1416 &
396 1386 426 1414 in
445 1383 527 1414 Villis
544 1384 580 1414 de
597 1381 829 1421 Agmondifham,
848 1383 1003 1414 Wndover
1025 1384 1059 1414 ὃς
1087 1384 1228 1414 Marlowe

168 1429 297 1463 Magna,
315 1433 348 1454 ac
365 1424 394 1453 in
413 1423 550 1453 omnibus
562 1421 620 1452 aliis
634 1421 735 1459 Villis,
753 1421 867 1461 Burgis,
885 1421 1009 1460 Villatis,
1027 1422 1182 1454 Hamlettis
1195 1424 1228 1456 ὃς

168 1465 228 1497 aliis
238 1464 308 1495 locis
325 1462 354 1492 in
368 1461 449 1492 dioto
464 1460 618 1492 Comitatu
632 1460 739 1498 Bucks,
755 1459 889 1490 Salutem.

32 1174 115 1217 Black.

204 1539 287 1579 These
302 1547 350 1568 are
366 1545 395 1567 to
412 1536 442 1567 be
457 1535 574 1574 charged
585 1533 658 1566 with
674 1545 723 1566 one
737 1534 802 1575 Ship
818 1533 923 1575 offour
938 1535 1064 1566 hundred
1081 1537 1141 1567 and
1149 1535 1231 1576 sjtfty

167 1581 258 1617 trans,
273 1576 395 1608 manned
408 1574 480 1605 with
495 1586 543 1604 one
555 1574 682 1604 hundred
685 1573 825 1614 fourftore
838 1576 908 1604 Men
921 1576 983 1606 and
993 1575 1087 1606 double
1104 1578 1231 1617 Equipa-

168 1629 220 1657 ge,
235 1615 308 1647 with
319 1616 477 1652 Munition,
497 1615 594 1650 VVages
609 1613 670 1643 and
677 1615 705 1643 V
707 1611 816 1643 muals.

209 1692 291 1730 Rex,
309 1692 372 1723 &c.
391 1690 568 1722 Vicecomiti
580 1688 744 1720 Comitatus
756 1688 846 1720 nostri
863 1690 951 1720 Bedd.

207 1731 314 1769 Majori
323 1755 332 1768 ,
350 1729 462 1761 Ballivis
476 1730 509 1760 &
525 1728 711 1767 Burgenfibus
725 1728 798 1759 Ville
812 1727 848 1758 de
862 1727 1001 1767 Bedfhrd,
1019 1739 1052 1760 ac
1066 1731 1163 1768 probis
1174 1730 1230 1762 ho-

173 1771 297 1801 minibus
324 1771 354 1799 in
378 1768 478 1798 eadem
498 1766 571 1797 Villa
592 1768 627 1802 ὃς
644 1765 789 1797 Membris
814 1767 939 1805 ejusdem
956 1790 966 1806 ,
989 1769 1023 1799 &
1044 1771 1072 1798 in
1098 1768 1178 1799 Villis
1195 1770 1232 1799 de

174 1807 344 1847 Dunsta’ble,
359 1805 502 1843 Laighton
516 1804 638 1843 Buffizrd
647 1806 680 1836 &
700 1806 719 1824 ⁸
736 1807 851 1842 Laron,
868 1807 942 1836 acin
956 1807 1090 1837 omnibus
1106 1808 1163 1837 aliis
1170 1807 1235 1838 Vil-

174 1846 364 1916 lisbdssusrglis,
380 1844 506 1883 Villatis,
523 1843 678 1875 Hamlettis
699 1843 733 1875 ὅ(
749 1843 806 1874 aliis
832 1842 953 1875 locis'in
975 1846 1056 1876 dieto
1080 1844 1231 1878 Comitatu

176 1889 216 1916 Be
258 1909 263 1916 .
301 1895 315 1916 a
325 1892 419 1915 utem.
739 1903 744 1908 .

42 1707 116 1736 Beda,

21 1830 41 1849 '¹²
59 1830 141 1859 Xlx.

19 1871 85 1906 663.

204 1960 286 2002 These
302 1972 349 1992 are
364 1968 392 1991 to
408 1960 438 1991 be
453 1959 571 1997 charged
576 1959 650 1990 with
657 1970 706 1990 one
716 1958 779 1997 ship
786 1957 822 1997 of
830 1958 906 1989 three
913 1959 1042 1990 hundred
1052 1962 1124 1991 Tons
1131 1984 1139 1998 ,
1149 1973 1230 1992 man-

169 2004 225 2034 ned
238 2001 310 2032 with
328 2011 377 2031 one
389 1999 511 2030 hundred
523 2006 631 2039 twenty
645 2001 715 2030 Men
729 1999 791 2029 and
803 1997 897 2029 double
904 2000 1043 2039 Equipage
1053 2022 1063 2038 ,
1082 1999 1154 2030 with
1163 2003 1232 2031 Mu-

170 2045 277 2078 m‘tion,
296 2043 388 2077 Wages
398 2039 458 2068 and
471 2036 601 2068 Viciuals.

206 2118 287 2155 Rem
305 2116 365 2147 &e
383 2114 559 2146 vicecomiti
575 2113 738 2145 Comitatus
752 2113 841 2145 nostri
855 2113 942 2145 Derb,
990 2114 995 2121 ‘

209 2156 319 2187 Ballivis
334 2155 367 2186 &
381 2153 566 2193 Burgensibus
579 2153 665 2190 Burgi
680 2153 715 2183 de
731 2153 825 2193 Derby

212 2194 333 2231 Maiori,
351 2192 548 2223 Aldermannis
568 2192 602 2223 &
624 2191 811 2234 Burgenlibus
831 2175 967 2235 Burgi-de
984 2191 1174 2233 chesterfield,
1194 2203 1228 2226 ac

173 2234 269 2270 probis
285 2232 455 2262 hominibus
469 2232 497 2261 in
510 2230 618 2260 eisdem
636 2230 733 2267 Burgis
746 2231 780 2261 &
797 2229 940 2260 Membris
953 2232 1140 2270 eorumdem,
1157 2235 1231 2264 &in

174 2271 255 2301 Villis
269 2271 304 2301 de
319 2268 475 2307 Ashborne,
492 2267 652 2307 Bakewell,
668 2267 838 2306 Tiddeswall
855 2269 888 2300 &
908 2270 946 2298 W
949 2269 1133 2308 irkesworth,
1152 2282 1185 2303 ac
1202 2273 1232 2302 in

174 2311 313 2340 omnibus
332 2309 389 2338 aliis
411 2307 509 2343 Villis,
529 2306 643 2345 Burgis,
661 2306 787 2345 Villatis,
809 2305 963 2338 Hamlettis
986 2310 1020 2339 ὃς
1037 2308 1096 2339 aliis
1109 2310 1179 2340 locis
1202 2312 1232 2342 in

173 2349 254 2379 dieto
271 2347 421 2378 Comitatu
437 2345 525 2376 Derb.
542 2344 678 2376 Salutem.

38 2136 107 2165 Derb
112 2160 119 2166 .

213 2423 295 2464 These
310 2435 356 2455 are
371 2431 399 2454 to
413 2423 440 2454 be
457 2423 575 2461 charged
586 2420 660 2453 with
673 2431 722 2453 one
738 2421 803 2465 Ship
816 2419 853 2461 of
862 2422 937 2453 three
951 2423 1080 2454 hundred
1089 2425 1235 2466 andffifty

173 2465 245 2493 Tons
256 2487 265 2501 ,
281 2463 401 2494 manned
412 2462 487 2492 with
504 2473 554 2492 one
567 2461 694 2491 hundred
704 2462 763 2491 and
766 2462 831 2500 sort
869 2465 938 2493 Men
954 2463 1013 2493 and
1024 2462 1119 2494 double
1139 2467 1233 2506 Equi-

173 2510 261 2540 page,
279 2501 353 2532 with
367 2503 526 2539 Munition,
544 2504 638 2537 Wages
652 2500 711 2530 and
721 2502 749 2530 V
749 2473 857 2530 ι’ὀῖιιαῖζ.
871 2524 878 2530 .

215 2578 281 2609 Rex
291 2601 301 2615 ,
319 2579 379 2610 &c.
397 2576 574 2607 Vicecomiti
590 2574 754 2607 Comitatus
768 2576 858 2608 nostri
874 2578 971 2618 Hertf.

213 2617 340 2655 Maiori,
359 2615 543 2656 Burgensibus
560 2615 593 2646 ὃς
606 2613 819 2645 Communitati
836 2615 919 2654 Burgi
933 2619 969 2647 de
983 2616 1136 2656 Hertfiard,

213 2654 323 2693 Maj0ri
341 2656 374 2686 ὅ(
390 2654 574 2693 Burgenlibus
593 2651 677 2691 Burgi
691 2654 786 2683 Sanc‘li
802 2653 929 2691 Albani,

212 2693 325 2724 Ballivis
346 2694 379 2724 &
394 2690 579 2734 Burgensibus
592 2690 680 2729 Burgi
701 2690 737 2734 <ie
757 2690 961 2730 Barkhamsted
974 2695 1071 2723 Sumsit*
1092 2697 1181 2731 Petri,
1200 2704 1233 2726 ac

197 2733 273 2763 robis
290 2731 455 2761 hominibus
469 2732 499 2760 in
514 2729 622 2760 eisdem
636 2728 729 2767 Burgls
744 2730 777 2760 &
795 2729 939 2761 Membris
950 2733 1120 2762 eorumdem
1130 2755 1139 2771 ,
1156 2734 1189 2763 ἂ
1205 2735 1234 2764 in

175 2740 257 2802 {lillis
272 2771 308 2801 de
321 2769 486 2806 Barkwajt,
505 2769 603 2805 usare,
622 2766 758 2803 Hatfeild
782 2767 903 2808 Epafiepi
924 2770 956 2800 &¹
977 2770 1135 2809 Stortford,
1153 2782 1186 2802 ac
1205 2773 1234 2802 in

47 2599 134 2638 Hertf.

176 2810 312 2839 omuibus
336 2809 392 2838 aliis
413 2807 511 2843 Villis,
529 2805 644 2846 Burgis,
663 2805 789 2844 Villatis,
807 2807 960 2839 t-lamlettis
977 2809 1010 2840 δε
1034 2810 1090 2839 aliis
1115 2809 1186 2841 locis
1204 2811 1233 2840 in

172 2847 255 2878 dieto
269 2846 419 2879 Comitatu
437 2842 575 2882 Hertfbrd
582 2866 592 2883 ,
610 2844 747 2875 Salutem.

212 2923 297 2954 There
310 2935 357 2953 are
371 2930 398 2953 to
414 2923 443 2952 be
459 2921 577 2959 charged
587 2920 660 2951 with
674 2931 723 2951 one
734 2920 799 2960 Ship
813 2919 915 2961 qffour
929 2921 1055 2952 hundred
1063 2927 1148 2962 Tum,
1157 2936 1237 2955 man-

178 2963 233 2992 ned
246 2962 319 2992 with
335 2973 383 2991 one
398 2961 524 2991 hundred
533 2959 612 2999 fixty
625 2963 694 2990 Men
709 2960 768 3000 and
780 2960 874 2991 double
888 2963 1028 3004 Equipage
1038 2984 1048 3000 ,
1068 2963 1142 2992 with
1165 2968 1234 2995 Mu-

179 3004 267 3031 nition
278 3023 288 3038 ,
306 3004 397 3037 Wages
411 2999 470 3030 and
482 3001 508 3029 V
512 2998 618 3028 iCIuals.

214 3077 282 3107 Rex
293 3099 302 3114 ,
318 3077 380 3108 ὅτε.
399 3074 574 3106 Vicecomiti
589 3074 752 3106 Comitatus
766 3075 853 3106 nostri
869 3076 962 3114 Norff.

213 3115 340 3152 Mnjort,
356 3114 600 3156 Vicecomitibus‚
615 3113 736 3144 Civibus
752 3115 785 3145 ὃς
795 3113 1008 3146 Communitati
1023 3115 1237 3148 CivitatisNor-

177 3157 241 3184 wici
253 3163 285 3185 ac
301 3152 529 3183 Vicecomitibus
542 3150 668 3188 ejusdem
682 3151 823 3182 Civitatis.

215 3191 322 3229 Maiori
339 3193 371 3222 ὃς
388 3190 573 3227 Burgensibus
586 3189 671 3228 Burgi
685 3188 721 3219 de
735 3192 816 3220 Lenn
832 3192 920 3227 Regis.

216 3230 433 3298 Aldermljnnis,
452 3226 642 3267 Burgenfibus
660 3228 694 3259 &
719 3226 937 3260 Communitati
958 3229 1043 3269 Burgi
1065 3230 1101 3262 de
1127 3233 1236 3270 Magna

208 3276 325 3299 ernemut
348 3279 384 3304 a,

179 3268 208 3307 J
219 3306 344 3345 Majori,
363 3305 547 3344 Burgenfibus
560 3306 592 3337 &
607 3303 819 3336 Communitati
832 3304 918 3341 Burgi
933 3305 969 3335 de
981 3304 1133 3346 Thetford,

220 3344 328 3382 Maiori
345 3345 378 3375 «sc
396 3343 580 3383 Burgenlibus
596 3343 680 3382 Burgi
694 3343 730 3373 de
747 3341 835 3382 Castle
850 3342 964 3384 Ryfiug,
984 3354 1018 3375 ac
1036 3347 1131 3383 probis
1141 3346 1238 3378 homi-

185 3384 268 3413 nibus
285 3384 314 3412 in
328 3382 433 3413 eisdem
455 3383 606 3420 Civitate,
629 3382 725 3420 Burgis
743 3382 775 3411 &
801 3380 945 3412 Membris
964 3383 1135 3416 eorumdem
1156 3387 1189 3417 δε
1209 3386 1238 3416 in

182 3422 335 3452 Comitatu
356 3421 478 3457 eiusdem
502 3420 634 3451 Civitatis
650 3421 731 3452 &in
756 3418 835 3450 Villis
858 3420 894 3450 de
921 3421 1095 3461 Wnterton,
1112 3429 1239 3463 Cramer,

180 3460 319 3498 Blackney
355 3458 422 3498 Clay
440 3461 473 3491 &
487 3458 665 3496 Burneham,
679 3468 712 3489 ac
733 3459 762 3488 in
782 3460 918 3489 omnibus
936 3459 998 3489 aliis
1012 3459 1107 3499 Villis,
1123 3463 1238 3501 Burgis,

180 3497 307 3535 villatis,
326 3481 478 3529 i-lamiettis
497 3499 530 3530 &
545 3498 604 3529 aliis
619 3497 690 3529 locis
709 3497 739 3526 in
762 3495 844 3528 dieto
864 3496 1018 3529 Comitatu
1039 3500 1133 3538 Norffi
1159 3501 1240 3532 Salu-

180 3544 253 3567 tem.

215 3611 300 3651 These
317 3622 365 3658 are
388 3619 417 3642 to
436 3610 467 3641 be
487 3611 604 3650 charged
617 3611 692 3642 ‘with
710 3622 760 3650 one
774 3612 840 3661 Shif
858 3611 893 3652 of
910 3612 983 3650 eight
1007 3611 1135 3644 hundred
1143 3618 1240 3654 Tem,

181 3652 306 3681 manned
321 3650 395 3680 wzth
408 3650 484 3680 three
500 3649 627 3681 hundred
638 3651 697 3680 and
708 3658 819 3692 twenty
832 3655 904 3682 Men
915 3651 976 3682 and
985 3651 1078 3682 double
1087 3655 1241 3694 Equipage,

179 3689 253 3719 with
270 3692 414 3719 Mum'tion
424 3711 434 3727 ‚
454 3690 551 3726 Wages
566 3689 625 3719 and
640 3691 667 3717 V
667 3688 774 3719 ι’ἑῖιιαΙς.

219 3764 285 3797 Rex
296 3788 305 3804 ,
323 3765 385 3797 &c.
404 3765 579 3796 Vicecomiti
594 3764 757 3796 Comitatus
772 3766 860 3796 nostri
876 3766 1014 3806 Cambrie,

37 3791 149 3819 Cumbr.
223 3804 330 3840 Maiori
344 3806 377 3836 δε
394 3803 505 3835 Ballivis
521 3803 654 3835 Civitatis
672 3803 784 3833 Carlioli
805 3806 833 3834 in
849 3805 1000 3836 Comitatu
1016 3806 1157 3846 Cumbrie,
1174 3817 1245 3840 nec-

22 3856 29 3862 -
42 3829 76 3862 &¹
92 3829 167 3866 W‘st·
189 3851 248 3872 non
263 3842 440 3873 Vicecomiti
457 3842 620 3874 Comitatus
634 3842 723 3872 nostri
739 3842 973 3881 Westmorlandie,

41 3869 114 3897 mm·
186 3916 200 3946 l
227 3879 334 3947 ixl-ajon
347 3881 380 3912 δε
397 3880 582 3920 Burgensibus
600 3881 686 3920 Burgi
703 3881 740 3912 de
759 3880 918 3922 Apulbyjn
936 3881 1088 3914 Comitatu
1108 3883 1246 3924 Westmor-

198 3928 235 3946 an
254 3930 278 3947 Ie

227 3941 419 3987 Aidkrmanno
436 3959 468 3989 &
487 3955 676 3996 Burgenfibus
689 3956 775 3995 Burgi
791 3958 826 3988 de
841 3957 945 3997 Kirby,
963 3959 1088 3989 Kendall
1096 3961 1124 3991 in
1139 3960 1247 3992 Comi-

188 4002 247 4025 tatu
266 3994 479 4033 Wstmorland,
495 3997 529 4027 &
545 3996 640 4035 probis
653 3997 820 4026 hominibus
835 3998 864 4027 in
878 3996 981 4027 eildem
996 3996 1137 4037 Civitate,
1154 4000 1248 4040 Burgis

189 4035 224 4067 &
233 4030 387 4102 tgslnemijrsis
404 4034 593 4102 ἓιῗτὲωάετη,
619 4035 652 4067 ὅτ.
672 4036 701 4066 in
723 4033 804 4068 Villis
822 4034 858 4066 de
877 4035 1092 4076 cockermvuth‚
1109 4040 1249 4080 Penrith‚

1297 155 1771 202 PUBLICA.
2300 180 2319 222 3

1265 243 1358 286 Iribyn,
1378 242 1466 286 Kirby
1476 241 1615 286 Lonsdale
1630 245 1662 274 ὃς
1677 245 1765 287 Kirby
1779 246 1910 290 saphat,
1927 247 1999 278 acin
2014 247 2148 290 omnibus
2161 249 2217 280 aliis
2229 250 2319 290 Villis,
2338 253 2415 284 Ann.
2432 254 2472 287 D,

1265 278 1381 325 Burgis,
1398 280 1504 311 Villatis
1514 304 1521 317 ,
1541 281 1694 327 Haniltttis
1708 284 1739 313 Bc
1756 285 1811 314 :ilus
1827 286 1897 316 locis
1911 287 1939 315 in
1950 286 2030 316 dielis
2040 287 2230 318 Cotnitatibus
2238 293 2317 319 Cum-
2353 293 2440 332 1635.

1265 318 1320 348 brte
1339 319 1372 349 ὃς
1387 318 1622 358 Wstmorlandre,
1639 320 1776 352 bulutein.
2334 335 2368 358 Af

2369 343 2388 359 Ζ.
2407 343 2448 361 11.

1305 394 1387 433 These
1397 405 1445 424 are
1460 402 1488 424 to
1502 394 1532 424 be
1549 394 1667 432 charged
1677 395 1749 425 with
1762 408 1811 426 one
1823 397 1888 435 Ship
1902 398 1938 437 of
1947 410 1994 428 one
2008 400 2132 429 hundred
2138 403 2221 439 Tum,
2242 413 2320 432 man-
2335 374 2397 397 car*
2416 381 2438 399 ι’

1267 431 1490 502 nez‘ssfssfolrty
1505 436 1579 463 Man
1594 434 1654 463 and
1669 434 1764 464 double
1778 438 1934 476 Eqm'page,
1951 437 2025 467 with
2046 441 2209 477 Memnon,
2231 446 2320 479 nages

1268 483 1304 501 an
1361 483 1370 500 ι
1401 483 1436 501 ua
1448 482 1470 502 s.

1306 546 1388 584 Rex,
1407 547 1466 577 ἃς.
1487 547 1664 578 Vicecomiti
1677 547 1842 580 Comitatus
1857 549 1944 580 nostri
1960 550 2045 582 Ebur.

1283 623 1288 627 ”
1307 584 1414 627 Majori
1428 587 1461 615 &
1476 585 1684 629 Communitati
1700 585 1830 618 Civitatis
1845 589 1942 619 nostre
1956 590 2093 628 Eborm,
2112 600 2144 621 ac
2154 586 2323 623 Vicecomi·

1268 623 1343 654 tibus
1358 621 1481 659 ejusdem
1496 622 1643 661 Civttatis,
1702 628 1708 634 “

1304 659 1423 704 Maj'ori,
1442 660 1672 704 Burgensibust&
1687 662 1898 702 Communitati
1917 664 2002 702 Burgi
2016 664 2052 696 de
2067 669 2183 705 Rippon‚

1306 698 1431 741 M³J0¹‚¹a
1449 697 1644 741 Aldermannis
1657 701 1689 730 ὅ(
1705 700 1889 740 Burgensibus
1903 702 1988 742 Burgi
2001 703 2037 733 de
2051 706 2218 746 Doncastre,

1302 736 1409 773 Majori
1430 738 1462 767 δε
1479 735 1663 774 Burgenlibus
1679 737 1762 776 Burgi
1774 740 1829 770 {ive
1846 740 1920 771 Ville
1934 741 2115 781 PontefraCZ,

1302 772 1496 804 Aldermanno
1509 775 1541 804 &
1558 774 1742 811 Burgensibus
1754 776 1839 816 Burgi
1852 779 1887 809 de
1900 779 2065 820 lauhmonai,

1304 812 1501 842 Aldermanno
1515 813 1548 842 ὅ(
1564 811 1747 851 Burgenfibus
1761 814 1842 853 Burgi
1861 817 1896 846 de
1912 819 2029 857 Leedes,

1307 848 1416 887 Majori
1427 873 1436 888 ,
1454 848 1565 880 Ballivis
1578 851 1610 881 &c
1626 851 1812 889 Burgensibus
1826 854 1898 885 Ville
1913 856 2045 895 Heudon,

1303 888 1409 926 Majori
1419 911 1428 926 ,
1449 888 1697 919 Gubernatoribus
1712 890 1745 921 &
1761 890 1947 924 Burgensibus
1964 894 2035 924 Ville
2051 894 2086 925 de
2101 896 2238 935 Beverly,

1302 927 1415 958 Ballivis
1428 928 1460 957 &
1478 926 1661 966 Burgenlibus
1670 927 1743 957 Ville
1754 928 1789 959 de
1804 928 2023 968 Eastmrdelcigh
2037 933 2099 962 alias
2115 935 2284 974 Scardburgh
2293 958 2302 974 ‚

1305 965 1411 1004 Majori
1426 966 1459 996 δε
1478 964 1662 1004 Burgenfibus
1678 966 1752 997 Ville
1766 967 1802 997 de
1815 967 2037 1007 Kingslonfiepcr
2053 972 2133 1008 Hull,
2152 984 2185 1004 ac
2197 975 2321 1006 vicem„

1268 1005 1330 1034 miti
1343 1002 1470 1042 ejusdem
1485 1003 1508 1033 V
1513 1004 1575 1040 ille,
1594 1013 1626 1034 ac
1641 1005 1737 1041 probis
1754 1005 1922 1037 hominibus
1935 1008 1963 1037 in
1978 1008 2083 1038 eildem
2099 1010 2238 1050 Civitate‚
2259 1013 2320 1043 le-

1267 1042 1299 1072 lis
1309 1065 1319 1079 ,
1334 1039 1432 1081 Burgis
1444 1042 1477 1072 &
1489 1041 1633 1073 Membris
1645 1043 1814 1073 eorumdem
1829 1044 1862 1074 &
1877 1045 1905 1074 in
1920 1045 2067 1078 Comitatu
2083 1049 2321 1085 ejusdemCivita-

1264 1081 1301 1111 tis
1317 1081 1349 1111 &
1365 1079 1528 1110 Comitatus
1542 1080 1616 1111 Ville
1629 1079 1664 1110 de
1680 1080 1814 1121 Kingston
1821 1082 1902 1120 super
1920 1083 2008 1122 Hull,
2026 1086 2058 1116 ὃ(
2073 1087 2101 1115 in
2112 1087 2229 1119 Villisde
2237 1091 2321 1120 Brid-

1264 1118 1382 1162 lington,
1401 1117 1506 1162 Blyth,
1525 1118 1633 1157 Whitby
1647 1120 1680 1150 &
1694 1120 1858 1157 Gisborough
1868 1143 1877 1159 ,
1891 1131 1924 1151 ac
1940 1123 1968 1152 in
1983 1125 2119 1154 omnibus
2140 1127 2201 1156 aliis
2222 1127 2301 1158 Villis
2311 1152 2320 1166 3

1265 1156 1393 1226 VillatisS,
1407 1156 1525 1225 Burgis,
1541 1156 1694 1189 Hamlettis
1709 1159 1742 1189 ὃς
1756 1158 1816 1189 aliis
1835 1159 1905 1190 locis
1920 1161 1950 1189 iu
1972 1160 2051 1192 dicito
2073 1162 2225 1196 Comitatu
2245 1166 2320 1196 Ebo-

1275 1205 1334 1225 rum
1345 1218 1354 1234 ‚
1395 1205 1408 1226 a
1420 1203 1510 1226 utem.

2337 559 2456 589 eborum,

1301 1270 1384 1311 Thes}
1397 1280 1446 1318 are
1458 1278 1487 1302 to
1502 1271 1619 1309 charged
1631 1271 1704 1302 with
1718 1279 1776 1303 two
1800 1271 1877 1312 Ships
1891 1273 1979 1314 offix
1995 1274 2120 1306 hundred
2134 1281 2200 1308 Tons
2218 1284 2322 1320 apiece,

1266 1311 1388 1358 manned
1397 1309 1470 1357 with
1488 1318 1545 1340 two
1562 1311 1686 1340 hundred
1699 1310 1775 1354 sorry
1787 1315 1856 1342 Men
1873 1323 1958 1353 aptece
1977 1316 2038 1345 and
2054 1316 2146 1345 double
2168 1320 2322 1359 Equrpage‚

1267 1349 1340 1380 with
1354 1350 1514 1387 Munttron,
1531 1353 1625 1387 Wages
1640 1350 1698 1379 and
1713 1353 1741 1380 V
1742 1350 1849 1381 u‘i‘uals.

1300 1425 1322 1453 ‚⁴
1339 1425 1424 1465 Rex,
1442 1427 1504 1458 &e
1524 1425 1700 1456 Vicecomiti
1713 1426 1878 1459 Comitatus
1894 1428 1983 1459 nostri
1998 1430 2081 1469 Staffl

1266 1502 1285 1533 d
1304 1464 1419 1534 Ballggis
1431 1465 1469 1508 ὃς.
1480 1463 1603 1495 Civibus
1625 1463 1756 1496 Civitatis
1776 1466 1812 1497 de
1833 1467 1990 1506 Litchjeild
2008 1479 2041 1499 ac
2059 1469 2233 1502 vicecomiti
2254 1472 2324 1512 ejus-

1288 1513 1333 1533 em
1386 1512 1499 1538 utitatis,

1305 1540 1413 1579 Majori
1434 1543 1466 1572 &
1484 1540 1668 1579 Burgenfibus
1684 1541 1768 1581 Burgi
1780 1542 1816 1574 de
1832 1544 1971 1583 Stafford,

1306 1577 1431 1618 Maiori,
1452 1579 1563 1612 Ballivis
1577 1581 1609 1611 ὃς
1626 1579 1811 1620 Burgenlibus
1825 1581 1909 1621 Burgi
1922 1582 1958 1613 de
1971 1584 2058 1615 Novo
2072 1585 2165 1624 castro
2168 1585 2266 1626 subtus
2276 1591 2328 1628 TIJy-

1268 1629 1413 1701 naaesaior}
1430 1655 1462 1687 &
1478 1655 1693 1700 Communitati
1707 1656 1792 1701 Burgi
1814 1660 1846 1691 &
1865 1659 1980 1703 Forten’
2004 1659 2039 1691 de
2056 1661 2192 1700 le'alstzll,
2211 1674 2244 1695 ac
2260 1675 2328 1703 pro-

1269 1696 1313 1726 bis
1329 1696 1495 1725 hominibus
1509 1705 1539 1724 in
1558 1695 1662 1739 eudem
1678 1694 1819 1734 C1Vitate,
1837 1697 1936 1736 Burgis
1951 1699 2110 1730 Forren’&
2128 1701 2328 1734 Membriseo-

1270 1733 1424 1771 rumdem,
1441 1735 1474 1764 ὃς
1493 1735 1521 1763 in
1536 1733 1685 1764 Comitatu
1702 1735 1825 1770 ejusdem
1849 1736 1980 1768 Civitatis
2001 1738 2036 1768 de
2057 1739 2228 1779 Lstchfedd,
2246 1743 2278 1772 δε
2299 1745 2326 1773 in

1271 1773 1350 1803 Villis
1367 1774 1399 1804 ὃ(
1425 1771 1521 1810 Burgis
1539 1772 1575 1801 de
1594 1774 1774 1812 Tamworth,
1792 1774 2032 1813 wolverhampton
2055 1778 2088 1807 &
2105 1780 2275 1818 Uttaxater,
2292 1792 2326 1812 ac

1271 1812 1301 1841 in
1316 1811 1453 1840 omnibus
1465 1812 1525 1841 aliis
1540 1810 1620 1840 Villis
1630 1835 1638 1848 ,
1656 1810 1769 1850 Burgis,
1791 1811 1912 1851 Villatis,
1929 1813 2082 1846 Hamlettis
2096 1817 2130 1849 δε
2146 1818 2203 1848 aliis
2217 1819 2287 1850 locis
2297 1821 2327 1851 in

1270 1849 1352 1880 dieto
1369 1848 1519 1880 Comitatu
1534 1849 1618 1888 Staffi
1636 1849 1768 1880 Salutem.

2337 1448 2353 1463 ⁸
2372 1446 2456 1476 xix.

2340 1488 2403 1519 664.

2356 1522 2434 1560 staff.

1309 1926 1392 1971 These
1408 1936 1454 1955 are
1472 1933 1499 1955 to
1515 1925 1545 1955 be
1559 1925 1678 1964 charged
1688 1926 1760 1956 with
1774 1938 1823 1957 one
1836 1927 1902 1968 Ship
1914 1926 2010 1969 oftwo
2018 1929 2142 1961 hundred
2150 1935 2220 1962 Tons
2229 1957 2238 1971 ,
2248 1945 2328 1964 man-

1269 1964 1557 2042 ἔέἕίῖἕίἔῒξῖξῗῑξῖςνε
1571 1968 1641 1997 lllen
1655 1966 1714 1995 and
1724 1966 1817 1996 double
1825 1969 1979 2007 Equipage,
1997 1969 2071 1999 with
2087 1973 2246 2011 Munition,
2262 1976 2330 2004 Wa-

1308 2080 1392 2119 Rex,
1409 2081 1471 2112 δίε.
1490 2078 1667 2113 vicecomiti
1682 2081 1847 2115 Comitatus
1863 2084 1950 2114 nostri
1965 2083 2085 2123 Wiltet‚

1313 2119 1422 2158 Majori
1434 2121 1466 2151 &
1485 2119 1697 2151 Communitati
1711 2121 1842 2153 Civitatis
1853 2125 1937 2153 Nove
1947 2127 2047 2154 Sarum
2055 2146 2064 2162 ,

1309 2157 1417 2197 Majori
1432 2159 1465 2189 &
1481 2158 1666 2198 Burgenfibus
1681 2159 1766 2198 Burgi
1780 2161 1812 2192 δε
1831 2161 1903 2191 Ville
1920 2161 1956 2191 de
1970 2161 2143 2202 Marleberg,

1311 2195 1418 2227 Ma'ori
1433 2197 1465 2227 &
1482 2196 1666 2236 Burgensibus
1680 2197 1765 2238 Burgi
1780 2198 1868 2229 nostri
1882 2200 1917 2230 de
1931 2202 2073 2239 Devizes,

1297 2207 1420 2280 'Balii'vo
1436 2235 1470 2265 &
1484 2235 1670 2280 Burgeniibus
1685 2236 1769 2280 Burgi
1785 2237 1820 2268 de
1837 2238 2040 2280 chippenham,
2058 2249 2092 2270 ac
2115 2238 2214 2278 probis
2235 2241 2333 2274 homi-

1273 2273 1358 2304 nibus
1372 2284 1401 2304 in
1416 2274 1522 2304 e1sdem
1538 2273 1679 2312 Civuate,
1699 2274 1795 2314 Villis,
1815 2276 1910 2314 Burgis
1931 2278 1964 2307 ὃς
1981 2277 2125 2308 Membris
2145 2282 2332 2320 eorumdem,

1273 2311 1308 2343 &
1324 2313 1352 2342 in
1369 2311 1448 2342 Villis
1464 2313 1496 2343 &
1515 2311 1612 2351 Burgis
1627 2313 1662 2343 de
1679 2315 1727 2342 bVe
1751 2314 1836 2354 bury,
1855 2314 2057 2354 Malmesbury,
2077 2319 2239 2357 Downton,
2259 2321 2334 2350 Wil-

1273 2358 1337 2389 nm,
1357 2353 1468 2381 thon
1487 2351 1600 2390 Baffet,
1618 2354 1708 2388 Lurge
1736 2352 1781 2383 all
1788 2376 1797 2390 ,
1815 2353 1974 2390 cricklade,
1989 2355 2116 2392 Hindon,
2131 2359 2335 2398 VeteriSarum,

1274 2389 1456 2427 Heitesbury,
1474 2389 1560 2419 Calue
1573 2391 1606 2420 &
1621 2391 1744 2434 Βαίτων)
1760 2393 1888 2430 Magna,
1905 2402 1938 2422 ac
1959 2393 1989 2422 in
2005 2393 2140 2423 omnibus
2161 2396 2218 2425 aliis
2237 2396 2335 2436 Villis,

1274 2424 1388 2498 IS3ulrgis‚
1408 2427 1539 2466 villatis,
1557 2427 1710 2460 Hamlettis
1723 2430 1756 2461 δε
1772 2430 1832 2461 aliis
1845 2430 1916 2461 locis
1931 2432 1962 2462 in
1970 2430 2049 2462 dieto
2057 2431 2206 2464 Comitatu
2220 2436 2336 2475 Wiltes,

1297 2478 1313 2500 a
1325 2475 1414 2499 utem.
2097 2489 2105 2495 -

2369 2111 2405 2136 W
2405 2091 2469 2135 ilias*

1284 2548 1287 2551 “
1312 2543 1395 2584 These
1411 2554 1458 2575 are
1476 2551 1505 2576 to
1529 2544 1559 2575 be
1576 2544 1694 2582 charged
1711 2542 1786 2575 with
1808 2555 1857 2576 one
1873 2545 1937 2585 Ship
1957 2545 1993 2585 of
2001 2546 2086 2586 fiven
2110 2547 2235 2579 hundred
2249 2553 2318 2580 Tom-

1277 2583 1401 2615 manne-d
1413 2583 1488 2613 with
1500 2591 1558 2613 two
1572 2581 1703 2613 hundred
1715 2587 1806 2623 uinety
1819 2585 1890 2615 Men
1907 2585 1967 2615 and
1977 2584 2071 2616 double
2086 2588 2242 2628 Equipage,
2264 2575 2338 2620 with

1279 2624 1441 2660 Munium,
1462 2623 1558 2659 Wages
1571 2622 1630 2651 and
1643 2625 1670 2652 V
1672 2621 1780 2653 ia‘luals.

1321 2697 1402 2735 Rex,
1421 2698 1482 2729 &c.
1501 2695 1675 2729 vicecomiti
1689 2697 1851 2728 Comitatus
1864 2696 2012 2738 Herefhrd.

1319 2735 1445 2773 Major-i,
1463 2735 1661 2766 Aldermannis
1676 2738 1708 2768 ὃ(
1723 2736 1845 2767 Civibus
1859 2736 1991 2768 Civitatis
2007 2737 2051 2768 sue
2066 2738 2210 2778 Hereford.

1320 2773 1445 2811 Ballivis,
1463 2773 1650 2810 Burgensibus
1667 2775 1700 2805 &
1717 2774 1943 2805 Inhabirantibus
1959 2776 2043 2815 Burgi
2064 2778 2120 2808 live
2138 2779 2209 2810 Ville
2220 2780 2256 2810 de
2269 2779 2343 2811 Leo·-

1280 2812 1387 2850 minster
1401 2812 1465 2842 alias
1480 2812 1649 2851 Leompster,
1668 2823 1701 2843 ac
1720 2814 1814 2850 probis
1829 2813 1993 2844 hominibus
2020 2817 2048 2844 in
2071 2816 2174 2847 eisdem
2197 2818 2324 2851 Civitate

1280 2850 1395 2889 Burgis,
1414 2849 1492 2880 Villis
1510 2851 1542 2881 &
1565 2851 1708 2881 Membris
1722 2852 1907 2888 eorumdem,
1928 2854 1960 2882 ὃς
1979 2854 2008 2882 in
2030 2852 2107 2884 Villis
2131 2856 2163 2886 ἃ
2191 2856 2288 2897 Burgis
2306 2845 2341 2890 de

1281 2890 1427 2926 Ledbury,
1447 2889 1601 2926 Pernbridge
1615 2890 1648 2919 ὃ(
1663 2893 1816 2928 Wigmore',
1833 2900 1866 2920 ac
1881 2890 1909 2919 in
1925 2892 2061 2921 omnibus
2074 2893 2131 2924 aliis
2146 2894 2260 2934 Burgis,
2280 2897 2343 2927 le-

1279 2927 1332 2997 lSisl,
1352 2927 1479 2965 Villatis,
1496 2926 1650 2958 Hamlettis
1664 2928 1697 2959 δε
1713 2928 1772 2959 aliis
1787 2929 1860 2959 locis
1874 2928 1902 2959 in
1918 2928 1999 2959 dieto
2016 2928 2168 2963 Comitatu
2184 2927 2341 2975 Hereford,

1301 2977 1315 2997 a
1327 2975 1415 2997 utem.

2354 2726 2484 2766 Hereforl.

1319 3042 1403 3083 These
1426 3053 1474 3074 are
1495 3048 1523 3074 to
1543 3043 1575 3073 he
1599 3041 1717 3081 charged
1737 3042 1810 3074 with
1833 3053 1880 3073 one
1895 3042 1959 3082 Ship
1980 3042 2092 3084 offour
2112 3035 2238 3077 hundred
2253 3052 2340 3087 Tons,

1284 3083 1405 3115 manned
1423 3081 1497 3111 with
1517 3093 1565 3112 one
1581 3081 1707 3112 hundred
1721 3083 1794 3122 fixty
1816 3085 1886 3112 Men
1905 3083 1967 3112 and
1986 3082 2079 3113 double
2099 3087 2252 3126 Equipage,
2269 3090 2342 3119 wal>

1284 3125 1429 3153 Munition
1438 3144 1448 3157 ,
1467 3124 1559 3159 Wages
1572 3121 1631 3149 and
1642 3123 1669 3149 V
1671 3120 1777 3150 ilffuals.

1321 3198 1386 3229 Rex
1397 3219 1406 3235 ‚
1421 3196 1482 3228 δίε.
1501 3195 1679 3226 Vicecorniti
1695 3195 1859 3228 Comitatus
1871 3197 1963 3228 'nostri
1981 3197 2142 3229 Moumouth
2151 3222 2160 3237 ,

1321 3235 1447 3274 Majori,
1465 3233 1574 3265 Ballivis
1587 3236 1619 3266 &
1635 3234 1850 3271 Communitati
1864 3236 1938 3267 Ville
1953 3238 1986 3268 ὅτ.
2006 3236 2089 3275 Burgi
2104 3238 2140 3267 de
2158 3242 2323 3273 Monmouth
2373 3225 2448 3277 Manb-

1319 3274 1448 3312 Majori,
1469 3273 1666 3304 Aldermannis
1680 3275 1713 3305 &
1730 3273 1915 3313 Burgenfibus
1928 3274 2013 3312 Burgi
2027 3275 2062 3304 de
2076 3277 2213 3314 Newport
2231 3281 2258 3309 in
2276 3269 2342 3313 CO:
2352 3268 2451 3289 manta.

1286 3315 1384 3345 mitatu
1403 3310 1584 3349 Monmouth,
1600 3321 1633 3342 ac
1648 3313 1741 3349 probis
1756 3313 1923 3343 horninibus
1936 3315 1965 3343 in
1980 3312 2083 3344 eisdem
2100 3313 2197 3355 Burgis
2214 3317 2247 3347 δε
2261 3320 2344 3352 Villis

1286 3353 1319 3383 &
1340 3353 1369 3381 in
1386 3349 1530 3381 Membris
1552 3350 1738 3389 eorumdem,
1754 3361 1787 3381 ac
1806 3353 1835 3381 in
1852 3351 1934 3381 Villis
1950 3352 1983 3382 δε
2004 3350 2100 3389 Burgis
2119 3353 2154 3384 de
2172 3356 2326 3397 Chepstowe

1284 3389 1418 3429 Carlyou,
1441 3388 1511 3419 Uske
1528 3389 1561 3419 ὅ(
1572 3388 1690 3427 Trelleg‚
1704 3399 1739 3420 ac
1757 3390 1785 3419 in
1802 3390 1938 3420 omnibus
1952 3390 2008 3419 aliis
2025 3388 2140 3429 Burgis,
2160 3392 2239 3425 Villis
2278 3383 2341 3431 Vss:

1283 3429 1360 3467 latis,
1378 3427 1531 3459 Hamlettis
1548 3428 1580 3458 &
1596 3428 1651 3457 aliis
1667 3427 1738 3459 locis
1750 3428 1780 3458 in
1803 3428 1883 3458 dieto
1900 3427 2051 3458 Comitatu
2062 3420 2341 3473 Mor1mouth,’Salu-

1286 3475 1360 3499 tem.
2178 3482 2182 3486 .

1326 3541 1407 3582 These
1422 3553 1471 3572 are
1495 3550 1523 3573 to
1544 3541 1574 3588 be
1590 3541 1705 3579 charged
1718 3542 1791 3572 with
1809 3553 1856 3572 one
1873 3540 1937 3580 Ship
1957 3541 1994 3582 of
2003 3552 2055 3590 one
2070 3541 2196 3577 hundred
2210 3552 2269 3580 and
2278 3550 2344 3591 fifty

1285 3585 1374 3620 Tam,
1391 3582 1510 3612 manned
1521 3581 1595 3611 with
1609 3581 1688 3621 fixty
1707 3584 1776 3612 Men
1793 3581 1851 3611 and
1865 3579 1961 3611 double
1980 3584 2136 3623 Equrpage²
2152 3588 2226 3617 with
2246 3594 2344 3622 Mum--

1287 3624 1345 3652 tion
1354 3643 1365 3660 ‚
1384 3621 1480 3658 Wages
1495 3620 1558 3650 and
1570 3623 1597 3650 V
1598 3619 1704 3649 iduals.

1322 3696 1388 3728 Rex
1399 3719 1408 3733 ,
1427 3691 1489 3728 &c‘.
1508 3695 1686 3727 vicecomiti
1702 3694 1866 3726 Comitatus
1879 3695 1970 3727 nostri
1988 3697 2077 3736 Salop.

1323 3735 1436 3767 Ballivis
1451 3736 1484 3766 &
1499 3734 1684 3774 Burgenfibus
1700 3734 1774 3764 Ville
1787 3733 1875 3771 Salop.

1324 3773 1436 3804 Ballivis
1453 3775 1486 3805 &
1500 3772 1685 3812 Burgenfibus
1702 3782 1734 3803 ac
1747 3773 1916 3804 hominibus
1928 3774 1963 3805 ὃς
1977 3772 2205 3808 Inhabitantibus
2220 3778 2294 3813 Ville
2308 3783 2343 3815 de

1289 3816 1349 3843 Bru
1369 3823 1404 3841 es.

1324 3823 1454 3886 Bffllivis,
1470 3847 1656 3888 Burgenfibus
1671 3849 1705 3879 &
1718 3848 1929 3880 Communitati
1945 3848 2026 3888 Burgi
2040 3850 2075 3882 de
2091 3853 2224 3885 Ludlowe
2233 3879 2243 3895 ‚

1330 3888 1439 3919 Ballivis
1455 3889 1487 3918 ὅ(
1503 3887 1688 3926 Burgenl'ibus
1702 3886 1783 3927 Burgi
1795 3887 1831 3917 de
1846 3885 1952 3925 Bishops
1966 3887 2069 3927 Callle,

1328 3927 1438 3957 Ballivis
1453 3926 1485 3955 &
1502 3926 1683 3963 Burgensibus
1701 3925 1785 3964 Burgi
1799 3926 1836 3956 de
1851 3924 2002 3964 Oswestry,

1333 3965 1441 3995 Ballivis
1457 3964 1488 3994 ὃ(
1505 3963 1687 4001 Burgensibus
1703 3963 1785 4003 Burgi
1802 3967 1835 3997 ὃς
1851 3963 1996 3994 Libertatis
2019 3964 2054 3995 de
2075 3969 2215 4007 Wnlock,
2233 3981 2267 4002 ac
2282 3981 2351 4008 pm-

1292 4004 1336 4033 bis
1353 4003 1520 4032 hominibus
1535 4003 1563 4031 in
1574 4003 1678 4033 eisdem
1697 4002 1774 4032 Villis
1785 4026 1794 4041 ,
1813 4003 1928 4040 Burgis,
1948 4002 2092 4036 Libertate
2107 4008 2139 4036 ὃ(
2152 4007 2292 4038 Membris
2300 4021 2351 4040 eo„

1290 4041 1441 4079 rumdem,
1458 4041 1491 4072 &
1506 4041 1536 4071 in
1553 4041 1634 4073 Villis
1651 4040 1686 4073 de
1702 4043 1855 4110 NeprK’
1875 4039 2040 4078 Willington
2053 4065 2064 4080 ‚
2081 4044 2202 4082 clunne,
2219 4047 2350 4085 Elsfstm-

1845 4090 1863 4111 2
1966 4113 1974 4119 ,
2302 4097 2328 4115 re
2338 4114 2348 4126 a

2384 3714 2464 3753 Salop.
