2561 4263
679 171 714 212 E
751 171 791 212 T
889 173 927 213 A
964 174 1003 215 C
1040 173 1081 214 T
1121 173 1158 213 A

19 262 97 296 Ann.
107 261 151 294 D.
203 257 294 291 Teste
311 256 399 297 Rege
414 257 490 297 apud
506 255 781 302 Wellmonasterium,
794 256 920 289 secundo
938 258 985 290 die
1003 258 1138 290 ociabris.

16 302 134 368 ,4115331ιὶ
198 334 349 374 Johannes
365 338 500 374 Tourney,
516 334 664 373 Clericus,
681 332 712 366 S.
729 332 771 365 T.
789 334 820 366 B.
839 336 925 366 habet
943 334 1103 366 consimiles
1122 333 1229 364 Literas

16 383 79 406 car.
104 387 127 407 i.
164 373 294 405 Patentes
323 373 360 404 de
391 374 596 411 presentatione
625 375 661 404 ad
693 372 868 405 Rectoriam
896 374 998 404 Sandie
1022 372 1061 407 ῤ’
1086 372 1229 415 individae

14 420 64 447 No.
83 418 131 446 σο.
163 414 307 442 Trinitatis
331 412 361 442 in
385 411 461 443 Villa
486 413 662 451 cantabrigie
676 435 687 450 ,
708 421 758 450 per
775 421 902 443 mortem
920 412 1014 456 ultimi
1030 411 1228 454 incumbentis

160 450 271 481 ibidem
281 451 342 489 jam
360 459 529 490 vacantem,
547 452 582 484 &
603 451 638 482 ad
656 450 784 482 nostram
808 450 1043 489 presentationem
1060 450 1147 488 pleno
1162 458 1227 495 jure

159 488 332 566 spJCiJriitEn}
332 488 423 558 1{oEg
434 490 589 530 diriguntur
607 489 646 521 he
662 489 758 522 [itere
777 488 906 521 Patentes
925 489 1067 521 Domino
1081 488 1226 528 Johanni,

159 529 286 597 ETZste
299 537 472 605 Regepapud
491 566 633 608 Canbury,
651 574 751 606 quarto
765 565 811 598 die
824 565 995 606 Septembris.

192 642 326 673 Robertus
342 642 468 682 Jacksbn
481 666 492 682 ,
516 642 664 682 Clericus,
688 643 724 674 A.
748 642 796 674 M.
816 644 902 675 habet
926 641 1090 675 consimiles
1113 640 1223 685 Lites-as

156 679 290 713 Patentes
314 681 351 712 de
373 682 578 720 presentatione
601 681 636 712 ad
666 681 830 714 Rectoriam
850 683 886 712 de
903 680 1062 720 Strafeild,
1090 678 1224 710 Diocefis

156 719 318 758 Lincolnie,
337 720 399 758 jam
426 720 570 758 legittime
594 721 628 751 &
650 721 686 752 de
706 722 771 759 jure
794 728 965 757 vacantem,
984 720 1018 762 ὃς,
1037 717 1073 748 ad
1094 717 1222 761 nostram

155 758 393 797 presentationem
413 768 460 796 per
484 758 609 796 Lapsum
634 761 770 797 temporis
794 760 851 790 five
870 768 919 795 per
938 765 1102 796 praVitatem
1124 755 1224 786 Simo-

155 798 203 828 nie
220 797 274 828 hac
298 797 362 828 vice
378 797 571 836 spectantem,
612 797 650 829 Et
668 799 825 837 diriguntur
841 797 879 826 he
893 796 990 828 Litere
1008 795 1140 826 Patentes
1156 793 1224 824 Do-

154 837 237 866 mino
253 834 405 874 Johanni,
423 835 567 866 Lincolni'e
584 834 738 874 Episcopo.
1127 870 1132 875 .

185 873 281 942 il’este
298 873 386 914 Rege
402 874 478 913 apud
497 874 754 914 Wstmonasterium
767 896 778 913 ‚
802 873 941 904 vicefimo
966 872 1089 912 septimo
1105 870 1151 902 die
1169 873 1223 908 Oc.

153 919 182 943 to
201 915 246 943 ris.

13 662 62 690 No.
80 662 127 688 61.

189 987 341 1019 Nicholaus
358 989 458 1027 Short,
476 989 621 1026 Clericus,
639 988 676 1018 A.
698 987 743 1018 M.
765 988 852 1019 habet
865 987 1026 1018 consimiles
1043 986 1152 1017 Literas
1168 984 1224 1015 Pa-

13 1020 62 1045 No.
78 1017 124 1045 ⁶²·
152 1034 245 1058 tentes
257 1028 294 1059 de
309 1029 512 1066 presentatione
524 1027 559 1057 ad
576 1026 748 1057 Rectoriam
760 1027 796 1058 de
812 1026 991 1066 Blacolncfley
998 1025 1063 1056 alias
1071 1024 1225 1068 Bsakesley,

151 1065 214 1096 alias
232 1065 359 1106 Blaxby,
376 1066 506 1097 Diocesis
524 1065 745 1105 Petriburgenfis,
758 1066 818 1104 jam
834 1066 974 1104 legittime
992 1065 1026 1095 &
1043 1063 1080 1093 de
1095 1072 1159 1107 jure
1175 1073 1224 1095 va-

151 1113 282 1143 cantem,
302 1106 335 1137 &
349 1105 385 1135 ad
400 1104 527 1134 nostram
541 1103 781 1142 presentationem
802 1113 851 1141 per
870 1103 993 1141 Lapsum
1010 1111 1148 1139 temporis
1166 1101 1223 1131 five

174 1153 202 1173 er
220 1145 387 1181 pravitatem
403 1143 553 1180 Simonie,
572 1143 625 1173 hac
644 1143 709 1173 vice
726 1142 920 1182 speciantemg
954 1142 991 1173 Et
1008 1141 1168 1180 diriguntur
1185 1140 1223 1170 he

151 1153 250 1212 {itere
268 1182 397 1212 Patentes
415 1180 552 1211 Domino
568 1180 728 1220 Francisco,
745 1180 946 1221 Petriburgenst
961 1180 1116 1218 Episcopo,

184 1220 275 1251 Teste
294 1220 374 1260 Rege
391 1220 467 1258 apud
483 1219 759 1259 Westmonasterium,
776 1221 861 1251 tertio
879 1220 925 1251 die
939 1218 1114 1250 Novembris.

188 1300 225 1325 W
227 1296 351 1327 illielmus
367 1295 540 1335 Dickenfim,
559 1296 709 1335 Clericus,
727 1296 756 1327 S.
776 1297 818 1328 T.
836 1296 867 1327 B.
887 1296 974 1327 habet
987 1294 1150 1340 consimiles
1169 1294 1222 1324 Li-

148 1342 220 1366 teras
238 1335 369 1367 Parentes
387 1336 425 1367 de
442 1337 648 1374 presentatione
666 1336 701 1367 ad
721 1335 891 1366 Redtoriam
909 1335 946 1365 de
965 1335 1054 1372 Leigh
1071 1334 1134 1364 alias
1152 1336 1222 1363 Bes-

140 1372 253 1443 delfley,
278 1374 410 1406 Diocesis
433 1378 553 1413 Sarum,
572 1375 634 1414 jam
657 1374 793 1414 legittime
811 1375 845 1405 &
863 1374 899 1404 de
913 1375 976 1412 jure
994 1382 1162 1418 vacantem,
1178 1376 1219 1415 ,ὃς

146 1423 162 1443 a
209 1412 337 1444 nostram
362 1413 598 1450 presentationem
624 1424 673 1452 per
697 1414 865 1452 pravitatem
887 1412 1043 1449 Simonie,
1077 1412 1130 1442 hac
1155 1420 1220 1441 vxce

146 1451 344 1491 specstantem3
364 1452 402 1483 Et
419 1452 581 1493 diriguntur
599 1452 637 1484 he
656 1452 751 1483 Litere
769 1452 901 1484 Patentes
920 1450 1057 1482 Domino
1071 1449 1221 1489 Johanm‘,

146 1493 247 1520 Sarum
267 1490 420 1529 Episcopo.

184 1527 277 1560 Teste
291 1529 375 1569 Rege
394 1538 424 1560 ut
442 1528 533 1568 supra.

3 1320 39 1350 Ν.
59 1317 107 1358 63.

0 1626 30 1653 N
62 1622 81 1655 5
107 1624 110 1628 ·
186 1607 276 1639 Guido
292 1605 438 1645 Carleton,
457 1606 589 1638 Clericus
602 1628 612 1644 ,
636 1604 673 1636 A.
693 1604 742 1637 Μ.
761 1605 846 1638 habet
861 1606 1021 1637 consimiles
1040 1603 1221 1649 LiterasPa-

26 1633 48 1652 ⁰*
79 1631 110 1660 '4'
148 1651 240 1676 tentes
259 1644 296 1676 de
313 1644 518 1683 presentatione
538 1644 573 1676 ad
599 1644 771 1676 Redtoriam
787 1645 822 1676 de
841 1646 1014 1677 Kirkanders
1026 1647 1113 1682 juxta
1132 1652 1220 1686 ripam

142 1682 225 1722 [saper
246 1682 273 1713 le
296 1683 416 1714 Borders
432 1707 442 1723 ,
465 1684 597 1716 Diocefis
613 1683 803 1724 Carliolenfis‚
826 1685 884 1722 jam
906 1686 1046 1725 legittime
1059 1684 1092 1727 ὃς
1107 1682 1143 1713 de
1160 1691 1220 1724 jure

145 1729 316 1762 vacantem,
332 1723 368 1754 &
389 1722 426 1754 ad
450 1722 579 1756 nostram
602 1722 839 1760 presentationem
858 1724 914 1755 sive
929 1734 963 1754 ex
983 1723 1068 1762 pleno
1084 1731 1142 1760 iure
1163 1724 1220 1763 sive

144 1769 201 1797 peri
213 1760 338 1799 Lapsum
355 1763 491 1801 temporis
508 1762 562 1792 hac
581 1763 645 1792 vice
662 1761 853 1801 spestantem3
886 1762 924 1793 Et
939 1763 1097 1803 diriguntur
1113 1760 1151 1790 he
1169 1759 1220 1790 Li·

146 1805 208 1830 tere
224 1799 356 1832 Patentes
372 1800 511 1832 Domino
529 1800 680 1838 Barnabe,
696 1799 857 1840 Carliolenfi
872 1801 1028 1840 Episcopo.

187 1837 278 1870 Teste
291 1838 379 1879 Rege
391 1838 466 1882 apud
485 1838 764 1880 Wstmonasterium,
782 1849 863 1870 nono
876 1840 922 1871 die
935 1837 1115 1870 Novembris.

213 1915 329 1947 olandus
343 1916 461 1957 cmby‚
480 1916 623 1955 Clericus,
641 1916 679 1948 A.
696 1915 744 1947 M.
763 1916 849 1949 habet
864 1917 1025 1949 consimiles
1041 1917 1149 1948 Literas
1189 1927 1220 1947 a-

186 1917 211 1945 R
624 1957 628 1962 ι
683 1957 688 1962 .
1028 1958 1031 1962 .
1164 1915 1189 1946 Ρ

93 1955 102 1964 ·
149 1961 239 2001 tentes
257 1955 295 1999 de
311 1954 584 2028 presenradonesscadd
592 1956 735 2001 Vicariam
750 1955 788 1986 de
802 1954 1221 2028 TurkdssicnehlzioscjcegirsnGleig:

149 1992 335 2077 essese
358 2003 553 2072 gestes...
573 2004 883 2079 .{.i‘z:3...v²,⁶²s{¹3.i
1089 2004 1222 2078 sime...

150 2070 206 2101 hac
225 2081 290 2103 Vice
307 2072 500 2112 spectantem,
535 2072 575 2118 Et
599 2072 760 2113 diriguntur
773 2073 810 2104 he
825 2073 923 2105 Litere
938 2072 1070 2104 Parentes
1083 2072 1220 2104 Domino

151 2107 298 2149 Gocffrido,
320 2109 490 2150 Gloucessriae
508 2111 664 2151 Episcopo.
1053 2152 1058 2156 Ι

149 2185 168 2217 b
187 2148 277 2195 [l'este
293 2148 379 2188 Rege
397 2151 472 2188 apud
491 2150 766 2191 Wellmonasterim,
792 2151 876 2183 tertio
893 2150 1011 2183 decimo
1029 2150 1076 2182 die
1094 2152 1222 2181 Novem-

261 2222 276 2243 a

1 2277 118 2307 ‘XIX‘
191 2264 212 2284 ³*
231 2263 382 2304 Johannes
398 2268 532 2305 Hauon,
548 2266 694 2305 Clericus,
713 2267 749 2298 A.
769 2266 817 2298 M.
836 2267 922 2299 habet
937 2267 1099 2299 consimiles
1115 2267 1222 2298 Literas

2 2327 70 2355 7⁷7·
153 2300 285 2335 Patentes
301 2304 338 2335 de
353 2305 556 2342 presentatione
568 2307 601 2337 ad
617 2306 789 2337 Re&oriam
803 2309 902 2338 SanCZi
915 2308 1041 2337 eutherii·
1055 2307 1127 2338 infra
1143 2309 1222 2346 Lay-

2 2360 49 2388 Nw
68 2357 114 2386 ⁶6·
152 2341 247 2383 thorpe
261 2342 431 2382 posteriorem
451 2345 480 2375 in
501 2344 627 2376 Civitare
640 2345 761 2376 Ehorum
771 2368 780 2383 ‚
798 2347 830 2376 ὅ(
851 2346 982 2378 Diocefis
997 2347 1119 2376 Eborum
1133 2369 1143 2384 ,
1165 2354 1221 2376 una

45 2379 53 2386 ⁰
154 2390 224 2411 cum
245 2381 382 2414 Ecclesiis
398 2386 530 2413 Omnium
541 2386 702 2414 Sandorum
715 2385 745 2414 in
760 2384 914 2423 Peasholme
934 2387 1034 2415 Sancie
1054 2385 1159 2416 Helene
1169 2386 1223 2424 Ju-

146 2428 199 2459 per
223 2423 338 2458 Muros,
351 2421 382 2452 in
405 2422 566 2452 Aldwarke
591 2424 692 2453 Sande
715 2426 832 2461 Marie,
852 2425 881 2454 in
905 2423 1044 2462 Laithorp
1060 2424 1154 2455 eidem
1171 2434 1222 2454 an-

151 2459 232 2489 nexis
246 2481 257 2497 ,
281 2468 331 2498 per
357 2469 483 2492 mortem
508 2462 602 2493 ultimi
629 2461 826 2493 Incumbentis
844 2463 953 2493 ibidem
972 2464 1032 2501 jam
1051 2471 1221 2500 vacantem,

152 2496 187 2527 &
205 2497 243 2527 ad
262 2498 389 2529 nostram
409 2500 649 2539 presentationem
669 2500 757 2539 pleno
775 2501 839 2539 jure
858 2501 1051 2540 spectantem,
1089 2501 1128 2532 Et
1150 2502 1219 2532 diri—

151 2542 263 2606 guntigc
277 2537 316 2569 he
335 2537 431 2570 Litere
449 2537 579 2570 Patentes
598 2538 736 2571 Domino
748 2540 863 2570 Ricardo
879 2540 1002 2572 Eburum
1019 2539 1222 2579 Archiepisco—

173 2583 194 2604 0
264 2585 292 2606 c.

150 2581 172 2611 P
186 2597 278 2685 Taste
298 2613 382 2656 Rege
404 2614 481 2655 apud
497 2613 775 2657 Westmonasterium‚
800 2616 940 2648 vicesimo
967 2618 1070 2656 quinto
1091 2617 1138 2648 die
1159 2619 1223 2648 No-

151 2661 215 2686 vem
247 2664 280 2685 ts.

190 2730 343 2772 Johannes
359 2730 464 2771 Wilsbn
480 2754 490 2770 ,
518 2731 671 2771 Clericus,
695 2730 734 2762 A.
755 2730 804 2762 M.
827 2732 916 2764 habet
935 2733 1096 2765 consimiles
1114 2732 1223 2775 Literas

155 2770 288 2802 Patentes
318 2770 356 2801 de
387 2771 592 2808 presentatione
626 2771 662 2802 ad
692 2770 863 2802 Reooriam
894 2771 932 2803 de
958 2775 1110 2803 Lantewitt
1136 2780 1224 2809 juxta

154 2808 274 2847 Neath,
293 2808 423 2840 Diocesis
440 2809 665 2849 Llandavenfis,
681 2810 741 2848 jam
763 2810 901 2849 legittime
917 2812 951 2844 &
975 2812 1011 2843 de
1031 2813 1095 2850 jure
1117 2821 1224 2842 vacan-

151 2856 228 2887 tem,
246 2849 281 2880 &
298 2848 334 2878 ad
353 2847 482 2878 nostram
505 2849 742 2885 presentationem
764 2858 813 2886 per
836 2849 961 2888 Lapsum
984 2851 1140 2889 temporis,
1167 2850 1224 2880 five

151 2896 200 2925 per
216 2886 383 2925 pravitatem
398 2886 542 2925 Simonie,
560 2887 616 2918 hac
639 2888 704 2918 vice
723 2887 914 2928 specstantem3
953 2888 990 2920 Et
1006 2889 1164 2928 diriguntur
1183 2890 1222 2920 he

151 2925 247 2957 Litere
264 2925 393 2957 Parentes
410 2925 546 2956 Domino
565 2926 728 2964 Willielmo‚
748 2927 933 2969 Landavenfi
946 2927 1099 2966 Episcopo.

153 3002 170 3032 b
187 2964 279 2995 Teste
297 2963 380 3003 Rege
396 2965 473 3004 apud
491 2963 769 3006 Wslmonasterium,
789 2967 927 2998 vicesimo
941 2969 1026 2999 tertio
1041 2968 1088 2998 die
1102 2970 1222 3005 Septem-

173 3013 220 3033 ΤΗ.

4 2760 54 2786 No.
68 2756 114 2793 67.

89 3102 105 3131 3
187 3080 349 3111 Edwardus
368 3082 451 3111 Lane
465 3103 476 3119 ,
501 3079 632 3113 Clericus
646 3104 656 3120 ,
683 3082 718 3113 A.
747 3081 795 3113 M.
818 3083 906 3115 habet
930 3083 1093 3116 consimiles
1115 3084 1221 3116 Literas

7 3104 55 3132 M·
71 3105 87 3131 ⁶
110 3125 116 3132 ·
150 3118 282 3150 Patentes
308 3121 345 3151 de
368 3119 575 3157 presentatione
598 3120 635 3151 ad
661 3119 806 3152 Vicariam
830 3122 867 3153 de
893 3121 1031 3161 Sparfholt
1048 3145 1059 3160 ,
1089 3122 1221 3155 Diocelis

152 3161 312 3197 Wintonie,
332 3168 381 3196 per
401 3157 572 3189 Ceffionem
596 3159 688 3189 ultimi
705 3158 898 3192 incumbentis
913 3162 1022 3192 ibidem
1041 3161 1097 3197 jam
1115 3172 1219 3193 vacari-

150 3205 227 3235 tem,
243 3198 276 3229 &
291 3197 326 3228 ad
338 3196 466 3229 nostram
480 3197 718 3235 presentationem
733 3197 820 3236 pleno
831 3199 893 3236 jure
907 3198 1100 3237 spectantem
1120 3200 1157 3231 Et
1173 3200 1218 3230 di-

148 3236 277 3304 }iguntur
299 3236 338 3268 he
362 3235 459 3268 Litere
489 3236 620 3268 Patentes
644 3235 782 3267 Domino
811 3236 953 3276 Waltero,
979 3241 1129 3270 Wintom'e
1146 3238 1216 3278 Epi-

161 3284 199 3304 co
241 3298 247 3304 .

182 3284 272 3346 Ἱὲἓίὶε
288 3313 371 3354 Rege
385 3312 459 3354 apud
472 3312 747 3354 qumonalberium,
764 3313 942 3346 duodecimo
960 3314 1008 3346 die
1025 3316 1191 3348 Decembris.

5 3399 112 3435 ΗΜΘ,
181 3388 330 3429 Johannes
344 3389 469 3430 Clarke,
493 3390 623 3424 Clericus
646 3415 656 3432 ,
679 3391 715 3422 A.
741 3391 789 3422 M.
808 3392 897 3423 habet
918 3393 1078 3424 consimiles
1100 3393 1209 3426 Literas

147 3427 276 3460 Parentes
290 3429 326 3461 de
344 3431 548 3467 presentatione
561 3431 596 3462 ad
610 3430 756 3462 Vicariam
771 3431 807 3461 de
823 3435 938 3462 Cannon
952 3433 1063 3462 Norton
1073 3457 1082 3472 ,
1098 3433 1210 3470 iurisdi-

146 3467 249 3498 &ionis
270 3469 417 3506 peculiaris
439 3469 550 3501 Decani
566 3469 743 3510 Herefordie,
758 3471 817 3509 jam
832 3471 968 3510 legittime
983 3473 1015 3502 &
1035 3471 1070 3503 de
1079 3472 1143 3510 jure
1158 3484 1209 3504 va-

145 3515 277 3549 cantem,
292 3509 326 3539 &
347 3507 382 3538 ad
403 3507 529 3539 nostram
544 3510 799 3548 presentationem,
819 3509 875 3540 sive
889 3520 937 3548 per
954 3509 1078 3548 Lapsum
1092 3519 1208 3550 tempo-

144 3553 195 3582 ris,
214 3545 271 3576 five
291 3556 341 3584 per
363 3547 533 3584 pravitatem
548 3548 678 3578 Simonie
698 3549 752 3579 hac
776 3550 842 3579 vice
855 3548 1050 3587 spectantem,
1084 3549 1120 3580 Et
1136 3551 1207 3580 diri-

141 3591 248 3650 {imur
269 3585 306 3614 he
333 3583 427 3615 Litere
449 3585 581 3617 Patentes
603 3586 727 3618 Decano
740 3585 868 3618 Ecclesie
883 3587 1057 3618 Catbedralis
1073 3589 1207 3628 Herefor-

161 3632 194 3651 ie.

179 3659 268 3691 Teste
284 3659 366 3700 Rege
380 3660 455 3699 apud
474 3661 750 3702 Wstmonaslerium‚
768 3663 944 3695 duodecimo
958 3663 1004 3695 die
1021 3665 1188 3697 Decembris.

181 3737 314 3768 Ricardus
334 3739 421 3777 Pykc,
444 3737 589 3776 Clericus,
614 3739 651 3770 A.
672 3738 720 3769 M.
736 3739 820 3771 habet
839 3741 1002 3772 consimiles
1023 3741 1128 3772 Literas
1150 3742 1206 3773 Pa-

148 3780 235 3805 tentes
248 3777 284 3806 de
297 3778 504 3815 presentatione
515 3778 548 3807 ad
564 3777 734 3808 Rectoriam
759 3779 794 3808 de
815 3780 969 3817 Bumwell,
987 3781 1115 3810 Diocefis
1129 3783 1207 3811 Nor-

149 3814 284 3853 wi'ceufis,
303 3818 358 3853 jam
377 3817 517 3852 legittime
536 3818 569 3847 &
583 3816 619 3846 de
633 3816 697 3854 jure
713 3826 879 3855 vacantem,
897 3820 930 3849 &
947 3819 982 3849 ad
1000 3819 1127 3849 nostram
1144 3830 1207 3858 pre-

149 3850 332 3883 sentationem
352 3864 401 3891 per
421 3857 589 3891 pravitatem
613 3854 759 3891 Simonie,
779 3855 835 3885 sive
859 3866 907 3893 per
929 3856 1052 3894 Lapsum
1071 3859 1208 3896 temporis

151 3888 205 3917 hac
222 3891 286 3920 vice
299 3892 493 3928 [metantem.
533 3892 570 3923 Et
585 3892 743 3932 diriguntur
757 3893 795 3923 he
810 3893 907 3924 Litere
923 3894 1054 3926 Patentes
1070 3896 1206 3928 Domino

154 3928 287 3966 Matheo,
305 3931 474 3969 Norrim'cenfi
486 3930 640 3969 Episcopo.

189 3964 278 3996 Teste
296 3967 378 4008 Rege
395 3970 469 4006 apud
489 3969 758 4010 westmonasterium,
775 3969 954 4001 duodecimo
967 3970 1013 4002 die
1027 3973 1192 4004 Decembris.

2 3753 51 3780 No.
70 3760 116 3787 70.

192 4046 316 4073 Briarcus
335 4044 466 4085 PVthon,
481 4045 629 4084 Clericus,
648 4047 683 4077 A.
704 4046 751 4076 M.
769 4048 853 4078 habet
865 4047 1024 4079 consimiles
1038 4047 1144 4079 Literas
1158 4049 1213 4080 Pa-

160 4084 522 4153 ‘Cssjrsnd‘iffreiginimone
543 4085 580 4115 ad
601 4085 772 4116 Reooriam
789 4086 824 4117 de
844 4087 973 4124 Sandan,
992 4087 1122 4118 Diocesis
1136 4090 1214 4119 Lon-

7 4052 57 4079 No.
72 4058 118 4086 7¹·

1263 170 1775 218 PUBLICA.
2291 188 2346 228 ει

1274 258 1344 302 don,
1356 260 1416 297 jam
1440 259 1581 297 legittime
1596 261 1630 292 &
1645 260 1682 293 de
1694 261 1760 301 jure
1774 269 1942 300 vacantem,
1957 263 1990 295 &
2007 264 2042 295 ad
2057 263 2183 297 nostram
2202 268 2342 305 presenta-
2363 263 2440 296 Ann:
2455 264 2499 300 D.

1274 305 1385 340 tionem
1407 308 1456 335 per
1477 301 1645 336 pravitatem
1666 299 1816 339 simonie,
1833 301 1890 332 five
1911 311 1961 339 per
1982 301 2103 342 Lapsum
2124 309 2261 342 temporis
2282 309 2336 340 hac
2383 305 2470 343 1635.

1275 345 1340 366 vice
1354 338 1541 374 lpetstantem·
1564 337 1602 369 Et
1619 338 1781 376 diriguntur
1796 341 1836 372 he
1849 340 1944 371 Litere
1959 340 2091 372 Parentes
2105 342 2240 375 Domino
2257 347 2337 379 Wil-
2356 345 2409 370 An.
2437 352 2481 371 ¹¹·

1273 372 1380 411 lielmo,
1396 375 1514 406 London
1533 361 1688 415 Episcopo.
2359 383 2425 410 Car.
2450 392 2478 410 i.

1308 412 1399 444 Teste
1416 413 1500 453 Rege
1517 415 1592 452 apud
1611 414 1879 457 Wllmonasterium,
1887 417 1966 449 sexto
1978 417 2097 450 decimo
2111 419 2157 451 die
2175 423 2340 455 Decembris.

1310 488 1476 521 Willielmus
1491 491 1648 531 Heywood,
1667 490 1813 531 Clericus,
1838 492 1869 524 S.
1887 494 1927 525 T.
1946 494 1977 525 B.
1998 495 2084 526 habet
2105 497 2266 529 consimiles
2287 501 2339 532 Li-
2358 506 2409 530 No.
2427 511 2473 539 72.

1271 534 1341 557 teras
1368 529 1502 560 Parentes
1526 531 1563 561 de
1590 531 1792 568 presentationi:
1817 533 1853 562 ad
1880 532 2049 565 Rectoriam
2075 537 2173 565 Sandli
2197 538 2292 574 Egidii
2307 544 2337 570 in

1270 569 1410 611 'Campis-,-
1421 567 1553 600 Diocefis
1568 568 1684 600 London
1698 593 1707 608 ‚
1728 580 1777 607 per
1794 571 2012 611 resignationem
2032 573 2125 604 ultimi
2144 575 2338 609 incumbentis

1270 604 1380 634 ibidem
1401 614 1457 642 jam
1478 616 1646 651 vacantem,
1661 609 1695 639 ὅ(
1715 608 1750 639 ad
1775 609 1905 640 nostram
1918 611 2157 648 presentationem
2177 615 2263 652 pleno
2279 617 2336 648 'ure

1270 640 1462 681 speciantem
1502 644 1542 688 Et
1560 646 1720 684 diriguntur
1736 647 1773 679 he
1792 648 1892 680 Litere
1910 648 2041 682 Patentes
2056 650 2196 684 Domino
2212 655 2263 685 Wi·
2276 655 2337 686 liel-

1270 689 1329 716 mo,
1347 682 1465 711 London
1478 681 1635 721 Episcopo.

1306 718 1398 750 Teste
1414 718 1498 759 Rege
1509 721 1583 761 apud
1598 720 1876 766 Wllmonalberium,
1893 725 2000 759 offitavo
2015 727 2063 759 die
2077 728 2226 768 Januarii.

1307 793 1455 832 Johannes
1472 796 1633 835 Limam,
1660 797 1811 842 eieiicus,
1830 800 1860 832 s.
1877 802 1919 833 Τ.
1937 803 1970 835 Β.
1989 805 2076 837 habet
2099 807 2263 840 conflmiies
2289 807 2341 840 Li.
2362 800 2413 827 ΝΟ·
2429 802 2476 835 ⁷³⁴

1270 840 1341 863 teras
1366 834 1499 866 Patentes
1518 835 1554 866 de
1575 836 1783 874 presentatione
1803 840 1837 868 ad
1855 839 2022 874 Re&oriam
2039 845 2074 877 de
2094 846 2188 884 Castro
2203 846 2339 879 Richards

1269 872 1332 901 alias
1346 872 1479 903 Richards
1493 873 1600 915 Castle,
1617 874 1748 906 Diocesis
1767 877 1946 918 Hercfordie,
1959 882 2019 919 jam
2035 883 2176 921 legittime
2192 887 2226 916 ὅ(
2242 887 2278 918 de
2290 887 2340 925 ju-

1270 920 1301 940 re
1316 920 1483 955 vacantem,
1493 913 1526 943 δε
1540 913 1574 943 ad
1592 915 1718 944 nostram
1733 916 2052 957 presentationem,five
2068 933 2115 960 per
2124 924 2246 962 Lapsum
2263 935 2338 957 tem-

1269 957 1363 988 poris,
1382 950 1438 981 five
1456 961 1506 990 per
1519 953 1684 988 pravitatem
1702 952 1832 983 Simonie
1845 955 1898 986 hac
1916 958 1979 991 vice
1992 959 2181 996 speirantem·
2219 963 2256 994 Et
2271 964 2340 995 diri·

1292 997 1379 1020 untur
1401 989 1436 1021 he
1461 990 1559 1021 Litere
1582 989 1712 1022 Patentes
1731 990 1869 1023 Domino
1894 995 2036 1034 Theophilo
2050 1021 2060 1036 ‚
2083 987 2247 1040 Hercfirdie
2267 1002 2340 1042 Epi-

1282 1037 1371 1064 copo.

1308 1065 1399 1097 Teste
1413 1065 1498 1107 Rege
1511 1066 1584 1105 apud
1597 1067 1875 1108 Wstmonastert‘mn,
1888 1070 2008 1109 septimo
2022 1072 2069 1104 die
2079 1074 2229 1113 Januarii.

1308 1141 1445 1172 Matheus
1462 1143 1553 1182 Sabb‚
1572 1142 1723 1182 Clericus,
1750 1146 1785 1176 A.
1806 1145 1838 1176 Β.
1857 1147 1943 1179 habet
1967 1150 2131 1182 confimiles
2158 1153 2264 1188 Literas
2284 1156 2339 1190 Pa-
2375 1176 2388 1186 v

1269 1187 1361 1211 tentes
1381 1182 1417 1212 de
1440 1183 1646 1219 presentatione
1661 1184 1694 1214 ad
1714 1183 1885 1216 Rectoriarn
1901 1187 1936 1218 de
1948 1191 2190 1230 Donningworth,
2208 1194 2339 1229 Diocesis
2361 1177 2409 1202 Μ’

1269 1219 1472 1260 Norwicenfis,
1490 1231 1539 1261 per
1560 1221 1727 1252 Cessionem
1751 1224 1844 1254 ultimi
1867 1224 2065 1258 Incumbentis
2087 1230 2195 1261 ibidem
2219 1235 2274 1269 jam
2292 1247 2342 1268 va-

1269 1267 1405 1297 cantem,
1429 1261 1463 1291 ὃς
1484 1260 1519 1291 ad
1544 1261 1671 1292 nostram
1693 1260 1932 1299 presentationem
1958 1266 2044 1303 pleno
2061 1268 2125 1305 jure
2142 1270 2317 1307 speistantem
2332 1289 2339 1294 ·

1268 1296 1367 1365 ἓτγῇε
1392 1297 1488 1330 Litere
1510 1298 1641 1331 Patentes
1664 1300 1825 1338 diriguntur
1847 1301 1983 1334 Domino
2006 1307 2143 1346 Ricardo‚
2169 1301 2345 1354 Norwicmsi

1295 1345 1322 1373 pi
1335 1346 1422 1374 copo.

1304 1374 1393 1443 Thesie
1416 1374 1500 1415 Rege
1519 1376 1595 1415 apud
1618 1375 1890 1418 Weslmonasterium,
1910 1381 2049 1412 vicesimo
2071 1382 2198 1416 secundo
2221 1388 2267 1419 die
2282 1393 2342 1421 De·

1267 1423 1321 1444 cem
1340 1423 1389 1444 ris.

2427 1182 2477 1210 74·

1307 1489 1459 1520 Nicholaus
1472 1492 1584 1529 Baker,
1601 1491 1750 1532 Clericus,
1767 1494 1801 1524 A.
1823 1494 1870 1525 Μ.
1888 1496 1976 1527 habet
1990 1498 2152 1536 consimiles
2164 1500 2272 1535 Literas
2287 1506 2343 1538 Pa·
2361 1517 2391 1544 Ν
2466 1518 2469 1520 “

1269 1537 1359 1559 tentes
1381 1528 1416 1573 de
1440 1531 1644 1575 presentatione
1660 1532 1694 1561 ad
1712 1531 1883 1576 Rectoriam
1898 1535 1934 1565 de
1951 1533 2134 1568 Pittleworth
2153 1541 2218 1572 alias
2233 1545 2342 1576 Pottle-
2388 1524 2410 1543 α’
2423 1523 2469 1551 π’

1269 1567 1381 1605 worth,
1400 1577 1459 1605 Jam
1476 1569 1613 1607 legittime
1627 1571 1660 1601 &
1673 1570 1709 1601 de
1719 1581 1784 1609 Jure
1803 1582 1970 1613 vacantem,
1985 1577 2019 1606 &
2035 1576 2069 1606 ad
2084 1578 2209 1610 nostram
2230 1585 2342 1619 presen-

1269 1607 1408 1637 tationem
1430 1617 1479 1645 per
1506 1608 1629 1645 Lapsum
1654 1612 1808 1649 temporis,
1828 1612 1883 1642 hac
1906 1613 1970 1644 vice
1989 1614 2181 1651 spe&antem·
2221 1620 2261 1652 Et
2275 1624 2338 1653 diri.

1267 1654 1374 1715 guntur
1399 1644 1436 1676 he
1460 1645 1556 1677 Litere
1574 1648 1593 1668 *r
1614 1647 1747 1680 Parentes
1764 1649 1902 1684 Domino
1917 1651 2053 1684 Gualtero
2067 1677 2077 1693 ,
2105 1643 2256 1690 Win’tom'e
2273 1661 2343 1701 Epi·
2363 1647 2383 1668 ἶ*
2401 1648 2494 1715 3X1X⁴

1281 1694 1369 1722 copo.
2364 1697 2396 1724 77
2422 1708 2430 1716 ·

1303 1722 1394 1793 'Isses’te
1417 1722 1502 1764 Rege
1522 1725 1598 1764 apud
1618 1724 1893 1767 Westmonasterium,
1910 1729 2050 1762 vicesimo
2071 1732 2198 1766 secundo
2220 1736 2269 1768 die
2282 1741 2343 1770 De-

1267 1774 1321 1793 cem
1340 1773 1388 1795 rts'.

1308 1839 1465 1871 Willielmus
1486 1844 1633 1885 Overton,
1649 1841 1800 1881 Clericus,
1821 1844 1857 1875 A.
1879 1843 1925 1875 M.
1943 1845 2030 1878 habet
2051 1850 2215 1884 consimiles
2233 1852 2342 1886 Literas
2361 1873 2392 1898 Ν
2450 1869 2468 1897 5

1268 1879 1462 1923 Parentesde
1484 1880 1688 1919 presentatione
1710 1882 1745 1913 ad
1766 1882 1937 1914 Rectoriam
1959 1885 1996 1916 de
2016 1888 2184 1928 Fringfhrd‚
2206 1892 2341 1925 Diocesis
2390 1878 2413 1898 θ’
2431 1877 2445 1904 7
2469 1891 2478 1899 ⁸

1268 1922 1393 1957 Oxoni'e,
1408 1928 1470 1957 jam
1494 1920 1635 1959 legittime
1655 1922 1688 1952 &
1711 1921 1747 1951 de
1760 1922 1824 1960 jure
1847 1931 2018 1962 vacantem,
2038 1926 2071 1956 &
2087 1928 2121 1958 ad
2137 1930 2261 1960 nostram
2275 1942 2339 1970 pre-

1269 1959 1454 1989 sentationem
1477 1967 1526 1997 per
1548 1958 1654 1998 lapsum
1677 1962 1816 1999 temporis
1830 1983 1841 1999 ‚
1864 1962 1921 1992 five
1943 1972 1992 2000 per
2017 1967 2184 2002 pravitatem
2209 1969 2340 2002 Simonie

1268 1997 1322 2026 hac
1346 1998 1410 2029 vice
1436 1997 1627 2035 speifhmtem3
1664 1997 1704 2029 Et
1716 1999 1876 2038 diriguntur
1887 2001 1925 2032 he
1943 2001 2042 2033 Litere
2058 2004 2191 2038 Patentes
2204 2007 2341 2041 Domino

1268 2035 1417 2074 Johanni,
1431 2038 1539 2067 Oxonie
1558 2035 1713 2076 Episcopo.

1304 2074 1393 2121 Teste
1417 2073 1503 2116 Rege
1525 2076 1601 2115 apud
1622 2074 1883 2117 Wstmonasterium
1896 2101 1906 2117 ‚
1934 2079 2072 2112 vicesimo
2097 2083 2193 2122 primo
2215 2084 2262 2118 die
2280 2086 2343 2126 Ja-

1269 2124 1372 2145 nuum.
2365 2146 2369 2151 ·

1305 2190 1456 2231 Johannes
1472 2193 1592 2233 Harvey
1606 2215 1616 2231 ,
1638 2191 1769 2224 Clericus
1786 2216 1796 2232 ,
1824 2194 1860 2225 A.
1881 2193 1931 2225 M.
1948 2195 2034 2228 habet
2053 2199 2215 2233 consimiles
2234 2201 2342 2235 Literas
2367 2206 2417 2233 No.
2433 2211 2481 2239 77.

1269 2229 1402 2262 Parentes
1418 2231 1455 2262 de
1474 2231 1680 2270 presentatione
1701 2232 1735 2262 ad
1753 2231 1926 2265 Recioriam
1944 2235 1979 2265 de
1996 2235 2119 2268 Eldham
2130 2248 2244 2280 parva,
2264 2242 2344 2274 Dio-

1269 2270 1338 2300 cefis
1353 2270 1489 2308 London,
1505 2280 1554 2308 per
1576 2279 1701 2302 mortem
1716 2270 1811 2302 ultimi
1826 2272 2025 2306 incumbentis
2040 2276 2149 2308 ibidem
2161 2280 2220 2317 jam
2238 2291 2344 2312 vacan-

1268 2317 1348 2347 tem,
1366 2310 1400 2340 &
1426 2309 1462 2340 ad
1485 2308 1613 2339 nostram
1635 2309 1873 2346 presentationem
1890 2311 1977 2350 pleno
1992 2314 2054 2350 jure
2068 2315 2265 2359 spectantem,
2305 2320 2343 2353 Et

1269 2347 1430 2389 diriguntur
1453 2348 1491 2378 he
1515 2347 1608 2379 Litere
1627 2347 1760 2380 Parentes
1785 2349 1923 2381 Domino
1945 2352 2113 2394 Willielmo,
2131 2358 2250 2388 London
2274 2357 2345 2398 Epi·

1267 2390 1366 2422 scopo.

1303 2424 1394 2471 Tes’te
1417 2423 1503 2465 Rege
1524 2424 1600 2465 apud
1619 2424 1893 2467 Westmonasterium,
1912 2428 2050 2461 vicefimo
2067 2431 2196 2465 secundo
2211 2434 2258 2466 die
2267 2433 2331 2474 Ja-

1268 2475 1369 2495 nuartt.

1306 2541 1471 2573 Willielmus
1492 2540 1632 2578 leme,
1651 2541 1802 2581 Clericus,
1820 2542 1860 2574 A.
1885 2543 1930 2574 M.
1949 2544 2036 2576 habet
2051 2546 2215 2579 consimiles
2232 2548 2338 2581 Literas
2358 2565 2408 2591 No,
2427 2557 2473 2595 78,

1269 2580 1403 2612 Patentes
1422 2581 1458 2612 de
1479 2579 1684 2618 presentatione
1697 2580 1732 2610 ad
1746 2580 1892 2613 Vicariam
1907 2583 1944 2615 de
1959 2583 2057 2614 North
2069 2586 2205 2626 Shobury,
2224 2587 2340 2620 Dioce-

1269 2621 1302 2650 fis
1326 2620 1461 2656 Lamina,
1487 2628 1534 2655 per
1557 2617 1726 2649 Ceffionem
1749 2620 1844 2650 ultimi
1863 2620 2062 2654 incumbentis
2082 2625 2189 2656 ibidem
2203 2627 2264 2664 jam
2285 2639 2337 2659 va-

1269 2666 1404 2696 cantem,
1420 2659 1453 2689 &
1470 2657 1504 2687 ad
1521 2656 1647 2687 nostram
1660 2657 1897 2696 presentationem
1913 2661 2001 2699 pleno
2012 2663 2073 2699 jure
2086 2664 2278 2704 spediantem3
2299 2665 2337 2698 Et

1271 2696 1429 2766 1diriguntur
1445 2697 1483 2727 he
1506 2695 1602 2727 Litere
1623 2694 1754 2727 Patentes
1777 2696 1914 2730 Domino
1928 2702 1971 2730 W
1972 2698 2082 2731 illielmo
2096 2724 2106 2740 ‚
2134 2705 2250 2734 London
2271 2705 2339 2743 Epi-

1283 2745 1320 2766 co
1333 2745 1371 2764 ο.

1305 2745 1396 2804 'IEeste
1416 2772 1501 2813 Rege
1522 2771 1597 2812 apud
1624 2773 1897 2816 Westmonasterium,
1923 2776 2064 2809 vicesimo
2089 2780 2191 2819 quinto
2214 2781 2260 2812 die
2277 2781 2339 2821 Ja-

1272 2823 1374 2843 nuarn.

1309 2889 1456 2928 Johannes
1473 2889 1622 2929 Bulkeley,
1647 2889 1794 2931 Clericus,
1821 2890 1858 2923 A.
1877 2891 1924 2923 Μ.
1945 2893 2030 2925 habet
2051 2894 2214 2928 consimiles
2234 2898 2341 2929 Literas
2361 2906 2410 2931 No.
2427 2911 2475 2939 79.

1271 2928 1403 2960 Patentes
1416 2929 1453 2960 de
1473 2929 1678 2967 presentatione
1692 2930 1727 2960 ad
1742 2930 1887 2962 vicariam
1902 2932 1939 2963 de
1954 2932 2115 2972 Bradfhrd,
2134 2933 2265 2967 Diocelis
2280 2940 2340 2966 Ba-

1269 2967 1415 3008 thom'enfis
1435 2966 1473 3003 ὠ·
1491 2967 1645 3008 Wellenfis,
1659 2969 1722 3007 jam
1736 2969 1876 3008 legittime
1890 2972 1924 3003 ὃς
1939 2971 1975 3002 de
1986 2973 2050 3010 jure
2065 2982 2215 3004 vacantem
2225 2997 2234 3012 ‚
2249 2977 2282 3007 &
2301 2975 2338 3007 ad

1269 3006 1397 3038 nostram
1420 3007 1658 3045 presentationem
1680 3009 1848 3048 perlapsum
1863 3012 2011 3048 temporis,
2028 3010 2084 3041 five
2104 3022 2152 3048 per
2168 3015 2335 3051 pravitatem

1268 3046 1400 3077 Simonie
1419 3046 1475 3076 hac
1497 3048 1562 3076 vice
1581 3045 1774 3085 spediantem3
1811 3048 1850 3080 Et
1869 3049 2025 3085 diriguntur
2040 3050 2078 3080 he
2095 3050 2189 3083 Litere
2206 3052 2338 3085 Patentes

1267 3084 1406 3115 Domino
1427 3083 1589 3122 Willielmo,
1608 3083 1791 3125 Bathonienfi
1803 3085 1840 3121 &
1858 3085 1988 3127 Wellenfi
1999 3087 2154 3126 Episcopo.

1305 3123 1395 3154 Teste
1409 3122 1492 3162 Rege
1507 3131 1539 3154 ut
1554 3123 1644 3161 supra.

1303 3199 1420 3231 Thomas
1437 3199 1571 3240 Stephens
1584 3221 1594 3237 ,
1616 3197 1749 3231 Clericus
1801 3201 1838 3232 A.
1859 3201 1905 3233 M.
1925 3202 2011 3234 habet
2037 3202 2200 3236 consimiles
2228 3206 2336 3239 Literas
2355 3218 2406 3243 No,
2424 3213 2470 3245 80,

1265 3238 1396 3283 Patentes
1421 3239 1457 3270 de
1482 3238 1746 3284 presentatione-acl
1764 3224 1938 3285 ²Rec'toriam
1960 3242 1997 3273 de
2016 3242 2332 3286 South—Haningfeild,

1264 3278 1397 3309 Dioceiis
1416 3278 1551 3316 London,
1566 3287 1625 3316 jam
1645 3277 1782 3317 legittime
1804 3280 1838 3312 ὃς
1856 3281 1891 3312 de
1909 3289 1971 3318 Jure
1996 3290 2163 3320 vacantem,
2180 3284 2213 3314 &
2231 3286 2264 3315 ad
2280 3295 2335 3315 no.

1264 3316 1350 3348 stram
1373 3317 1614 3356 presentationem
1637 3317 1693 3347 sive
1711 3327 1760 3355 per
1773 3317 1878 3356 lapsum
1894 3321 2049 3357 temporis,
2069 3320 2125 3352 live
2144 3332 2194 3359 per
2209 3326 2333 3361 pravita-

1262 3363 1322 3386 tem
1338 3356 1469 3387 Si'monie
1487 3355 1540 3387 hac
1558 3356 1622 3386 vice
1642 3356 1839 3394 specstantem3
1876 3357 1914 3388 Et
1932 3358 2093 3395 diriguntur
2111 3360 2148 3391 he
2163 3360 2256 3393 Litere
2273 3362 2328 3393 Pa-

1260 3402 1351 3426 tentes
1369 3395 1502 3426 Domino
1517 3393 1677 3432 Wllielmo,
1695 3395 1810 3425 London
1828 3396 1981 3433 Episcopo.

1300 3433 1389 3465 Teste
1407 3434 1491 3474 Rege
1507 3433 1581 3473 apud
1599 3433 1860 3474 Wstmonasterium
1875 3457 1886 3473 ,
1907 3434 2043 3467 vicesimo
2069 3437 2175 3470 octavo
2197 3438 2243 3470 die
2265 3439 2328 3478 Ja-

1258 3477 1359 3504 nucarii.

1294 3551 1428 3582 Ricardus
1441 3549 1550 3589 Fisher‚
1568 3548 1717 3587 Clericus,
1737 3549 1771 3580 A.
1792 3548 1837 3580 M.
1858 3550 1944 3582 habet
1965 3552 2127 3585 consimiles
2145 3553 2251 3586 Literas
2266 3554 2320 3586 Pa·
2340 3555 2392 3581 N0-
2409 3547 2456 3579 ssrg

1254 3598 1346 3621 tentes
1366 3591 1402 3621 de
1424 3590 1631 3629 presentatione
1648 3589 1681 3620 ad
1707 3588 1876 3632 Reitoriam
1890 3590 1927 3621 de
1942 3592 2088 3632 Kington,
2109 3594 2239 3625 Dioceiis
2255 3598 2317 3624 Wi-

1251 3632 1343 3666 gornie
1353 3651 1362 3666 ,
1377 3629 1439 3667 jam
1455 3629 1595 3668 legittime
1610 3630 1643 3660 &
1656 3627 1691 3657 de
1702 3637 1765 3670 Juie
1781 3636 1947 3671 vacantem,
1966 3631 2000 3662 &
2015 3633 2048 3662 ad
2064 3633 2186 3662 nostram
2205 3632 2318 3670 presen-

1253 3669 1408 3704 tationem,
1424 3676 1472 3704 per
1487 3667 1593 3704 lapsum
1616 3676 1767 3704 temporis.
1789 3671 1846 3697 live
1866 3676 1915 3704 per
1930 3670 2098 3705 pravitatem
2114 3670 2245 3702 Simonie
2259 3671 2317 3702 hac

1253 3707 1318 3737 vice
1331 3705 1526 3743 spectantem3
1549 3705 1590 3737 Et
1605 3705 1763 3743 diriguntur
1777 3704 1812 3735 he
1830 3705 1925 3736 Litere
1943 3705 2072 3739 Patentes
2084 3708 2230 3747 Julianus,
2251 3713 2314 3740 Wi-

1249 3748 1344 3782 gornie
1360 3744 1511 3782 Episcopo.

1291 3782 1381 3814 Teste
1403 3782 1484 3820 Rege
1514 3779 1588 3819 apud
1612 3779 1869 3819 Westmonasterium
1885 3806 1895 3821 ,
1926 3783 2062 3814 vicesimo
2084 3794 2165 3816 nono
2185 3786 2232 3817 die
2254 3786 2315 3826 Ja-

1252 3831 1355 3852 nuarn.

1292 3900 1426 3927 Henricus
1443 3894 1561 3933 Golding
1575 3917 1584 3932 ‚
1609 3894 1764 3933 Clericus,
1792 3895 1826 3927 A.
1852 3896 1899 3927 M.
1918 3898 2006 3929 habet
2028 3899 2188 3930 consimiles
2208 3900 2313 3930 Literas
2335 3902 2383 3926 No·
2400 3896 2447 3924 820

1256 3935 1386 3966 Patcntes
1407 3935 1443 3964 de
1465 3934 1671 3971 presentatione
1692 3934 1726 3964 ad
1750 3934 1894 3966 Vicariam
1915 3939 2013 3966 Sanc‘li
2032 3938 2147 3967 Andree
2160 3939 2191 3967 de
2206 3941 2256 3971 Ter
2270 3938 2311 3967 ad

1256 3973 1358 4011 Ulmos,
1374 3973 1439 4002 alias
1459 3971 1623 4011 Μηνὶ-εἶβεν,
1642 3971 1774 4003 Diocesis
1789 3976 1919 4013 London,
1934 3977 1993 4012 jam
2005 3976 2141 4014 legittime
2156 3979 2188 4006 ὃς
2204 3976 2239 4005 de
2253 3978 2312 4012 jure

1257 4021 1408 4042 vacantem
1418 4034 1426 4047 ‚
1441 4011 1475 4041 «Sc
1497 4010 1532 4040 ad
1554 4010 1680 4041 nostram
1702 4012 1937 4049 presentationem
1952 4016 2037 4051 pleno
2049 4016 2111 4051 jure
2123 4014 2294 4051 spectantem
2307 4026 2318 4051 ;

1260 4051 1299 4080 Et
1314 4050 1471 4087 diriguntur
1487 4049 1523 4080 he
1539 4048 1786 4083 Literepatenres
1803 4049 1940 4090 Domino
1961 4051 2125 4091 lers'elmo,
2144 4052 2260 4082 London
2275 4051 2317 4083 E—

1281 4089 1337 4120 isco
1358 4098 1389 4118 o.

1260 4099 1279 4127 Ρ
1339 4098 1357 4128 p
1766 4124 1793 4156 1.
2236 4127 2329 4165 Teste
