2561 4263
742 202 850 242 ET
948 206 1208 246 ACTA

88 280 168 316 Ann-
178 275 218 309 D·
233 286 295 317 sum
308 287 441 325 temporis
455 287 508 317 hac
526 287 591 317 vice
606 286 677 323 spe&
686 295 800 325 antem,
818 287 856 318 Et
870 288 1024 328 diriguntur
1040 292 1077 321 he
1095 291 1187 322 Litere
1197 292 1299 321 Paten-

114 321 203 359 ¹637·

84 363 138 387 An.
157 368 199 394 ¹3-

86 398 148 425 (ἔην.
174 406 196 424 ι.

119 488 181 518 ¹59·

120 856 182 892 ¹58-

124 1175 186 1203 ¹57·

123 1470 185 1506 256.

111 1870 128 1886 ⁰
144 1870 211 1898 XX.

93 1917 165 1942 207.-

127 1955 189 1983 155·

124 2189 186 2217 154·

128 2496 192 2525 ¹53·

134 2804 196 2831 ¹52·

148 3163 212 3190 ¹5¹·

147 3458 210 3486 150.

143 3807 207 3835 149.

233 333 271 356 tes
292 324 534 355 Reverendiffimo
547 327 576 355 in
596 324 712 355 Christo
730 325 853 356 Patriae
880 326 1016 358 Domino
1033 330 1166 368 Ruardo,
1184 330 1292 359 Ebora-

233 364 301 402 ccnfi
316 364 548 401 Archiepilcopo.

267 401 356 433 Teste
371 400 458 438 Rege
472 401 546 439 apud
561 401 834 441 Westmonasterium‚
852 402 960 434 ostavo
977 403 1020 433 die
1038 404 1131 442 Junii'.

269 476 401 508 Ricardus
415 476 502 514 (ἔθη,
522 477 669 516 Clericus,
691 477 726 508 A.
744 477 775 507 Β.
793 479 879 508 habet
893 478 1050 509 consimiles
1066 480 1172 511 Literss
1187 480 1289 511 Paten-

233 523 274 546 tes
295 516 330 545 de
345 515 550 554 presentatione
567 516 599 546 ad
620 517 786 546 Reftoriam
808 517 843 546 de
865 516 975 546 Ederae
998 519 1061 548 alias
1085 519 1288 549 Llan-Edeme

231 563 301 585 cum
316 553 431 591 Capella
445 555 566 592 annexa,
589 555 720 585 Diocelis¹
731 558 843 591 Bangor
853 555 924 591 ,jam
935 556 1112 595 legitimte&
1122 558 1222 594 dejure
1236 568 1284 588 va-

231 600 362 630 cantem,
379 594 411 623 &
425 592 460 622 ad
475 594 599 623 nostram
623 593 857 630 presentationem
881 603 929 629 per
954 597 1117 630 pravitatem
1138 597 1287 631 Simonie,

231 630 289 660 five
305 640 352 667 per
371 631 491 668 Lapsum
508 633 643 667 temporis
659 632 711 661 hac
729 641 790 660 Vice
804 631 998 670 spestaiitem3
1023 633 1060 663 Et
1075 635 1232 671 diriguntur
1250 634 1285 662 he

231 668 331 699 Litere
346 668 477 699 Patentes
496 668 670 699 Reverendo
687 671 715 698 in
725 668 844 700 Christo
859 670 932 699 Patri
946 680 979 699 ac
997 670 1130 700 Domino
1145 669 1286 706 Gulielmo,

230 707 426 746 cantuarienst
452 707 701 745 Archiepiscopo,
723 710 829 738 ratione
854 708 1006 738 vacationis
1026 709 1094 738 sedis
1118 709 1289 747 Episcopaiis

232 747 297 774 Ban
316 755 355 774 or.

269 756 357 814 Tfiste
370 783 451 823 Rege
463 783 536 822 apud
552 783 807 823 Westmonasterium
816 807 825 822 ,
842 784 996 815 undecimo
1009 784 1055 814 die
1068 783 1163 822 Junii.

272 859 394 899 Jacobus
411 862 525 899 Porter,
543 860 688 899 Clericus,
708 862 744 892 A.
763 861 809 891 M.
830 861 915 891 habet
932 859 1089 890 consimiles
1110 861 1217 891 Literas
1238 859 1292 890 Pa·

233 907 324 930 tentes
337 900 375 929 de
391 900 595 936 presentatione
607 902 640 930 ad
659 900 821 930 Reemriam
836 900 872 928 de
880 897 1026 937 odstocke,
1046 898 1174 929 Diocelis
1181 902 1290 936 Sarum,

234 939 289 976 jam
307 938 447 975 legittime
460 940 493 969 ὃς
507 939 542 968 de
555 941 616 976 jure
633 947 799 974 vacantem,
819 938 852 968 ὃς
864 935 898 966 ad
916 936 1041 967 nostram
1057 938 1289 974 presentationem

236 986 285 1014 per
301 976 422 1013 Lapsum
439 978 576 1014 temporis
591 979 642 1008 hac
657 977 723 1007 vice
739 976 932 1013 speciantem3
952 974 988 1003 Et
1003 975 1160 1014 diriguntur
1183 976 1220 1007 he
1241 976 1292 1006 Li-

235 1024 294 1083 }ere
310 1013 440 1045 Patentes
456 1014 630 1047 Reverendo
651 1016 681 1044 iri
703 1013 821 1045 Christo
842 1011 915 1043 Patri
936 1011 1084 1052 Jvhanni,
1100 1017 1199 1044 Sarum
1225 1013 1293 1051 Epi-

248 1062 284 1084 co
306 1064 333 1083 o.

271 1063 360 1122 ‚feste
375 1091 457 1130 Rege
473 1091 546 1130 apud
564 1089 822 1129 Wstmonastersum
833 1113 843 1128 ,
861 1089 1037 1120 duodecimo
1051 1089 1096 1120 die
1109 1090 1204 1129 Junii.

274 1168 435 1199 Leonardus
450 1173 585 1207 Conyerr,
606 1167 640 1197 A.
658 1165 706 1196 Μ.
719 1167 805 1196 habet
818 1166 977 1196 confimiles
994 1166 1101 1198 Literas
1117 1166 1248 1198 Parentes
1256 1166 1291 1198 de

236 1207 440 1245 presentatione
463 1206 498 1236 ad
521 1206 665 1236 Vicariam
687 1205 723 1235 de
737 1203 933 1244 Lastingham,
954 1203 1083 1236 Diocesis
1101 1205 1278 1245 Eboracenfis

238 1254 287 1284 per
303 1245 519 1284 resignationem
533 1244 626 1274 ultimi
643 1242 840 1274 Incumbentts
853 1244 960 1274 ibidem
976 1244 1033 1280 jam
1049 1254 1198 1275 vacantem
1211 1247 1242 1276 ὃς
1257 1228 1294 1275 aci

238 1284 364 1313 nostram
380 1282 611 1319 presentationem
626 1282 712 1319 pleno
721 1282 784 1320 jure
807 1282 997 1321 spectantem,
1017 1282 1054 1313 Et
1077 1283 1233 1322 diriguntur
1256 1285 1293 1314 he

239 1321 336 1353 Litere
350 1319 480 1352 Parentes
498 1320 745 1351 Reverendissimo
760 1322 788 1350 in
811 1319 930 1350 Christo
954 1319 1030 1352 Patri
1047 1332 1079 1352 ac
1095 1322 1228 1353 Domino
1243 1325 1294 1352 Ri-

239 1359 338 1396 casdo,
354 1358 533 1398 providentia
548 1358 645 1389 divina
663 1358 829 1398 Eboraceufi
843 1358 1076 1396 Archiepiscopo.

274 1396 364 1429 Teste
376 1396 461 1435 Rege
477 1396 551 1436 apud
568 1396 821 1437 Westmonastermm
830 1421 840 1434 ,
855 1397 970 1428 decimo
984 1398 1090 1429 octavo
1107 1398 1152 1429 die
1166 1398 1260 1438 Junii.

276 1474 410 1506 Roberrus
426 1473 533 1514 Jones,
549 1473 698 1512 Clericus,
718 1474 753 1505 A.
777 1474 822 1505 M.
837 1474 923 1505 habet
938 1473 1101 1505 consimiles
1119 1475 1225 1506 Lireras
1245 1476 1297 1507 Pa-

240 1522 331 1545 tentes
342 1513 378 1544 cle
391 1513 595 1551 presentatione
607 1514 643 1544 ad
652 1513 818 1544 Rectoriam
834 1513 870 1543 de
887 1513 1063 1543 Llantirocke
1077 1514 1141 1544 alias
1157 1514 1298 1544 Llandoo-

240 1562 303 1590 rog,
324 1551 455 1583 Diocesis
472 1554 581 1589 Bangor
591 1574 601 1589 ,
618 1562 666 1589 per
680 1552 898 1589 promotionem
914 1552 1055 1581 Edmundi
1070 1551 1184 1590 Griffi'rh
1192 1553 1300 1584 Clerici

241 1592 275 1621 ad
290 1591 492 1630 Episcopatum
507 1592 639 1627 Bangor‚
658 1590 715 1620 sive
730 1600 778 1628 per
794 1598 917 1620 mortem
933 1591 1053 1629 predicti
1067 1591 1206 1620 Edmuna'i
1219 1589 1300 1630 Gris-

235 1628 293 1669 fith
311 1630 364 1660 'am
378 1636 546 1666 vacantem,
565 1630 598 1660 &
611 1627 646 1658 ad
661 1627 789 1658 nostram
808 1627 1045 1665 presentationem
1064 1629 1125 1666 jure
1143 1628 1301 1668 Pterogari-

242 1678 278 1698 ve
325 1676 415 1697 otone
430 1665 527 1696 nostre
543 1667 617 1705 regie
632 1665 736 1703 Anglie
749 1666 803 1696 hac
817 1667 881 1697 vice
889 1667 1081 1704 spectantem,
1100 1666 1303 1707 Etdiriguntur

241 1706 278 1737 he
294 1705 386 1736 Litere
404 1704 533 1738 I’atentes
548 1702 800 1736 Reverendiffimo
816 1706 844 1734 in
860 1704 978 1737 Christo
988 1705 1063 1737 Patri
1078 1705 1210 1736 Gulielmu
1221 1717 1303 1746 ,pro-

241 1743 367 1778 videntia
383 1743 480 1774 divina
494 1742 684 1782 Cantaurienfi
703 1743 940 1782 Archiepiscopo.

276 1781 366 1815 Teste
379 1781 463 1822 Rege
476 1782 551 1822 apud
567 1781 844 1823 Wstmonasterium,
863 1783 1040 1813 duodecimo
1057 1783 1104 1814 die
1119 1782 1216 1821 Junii.

279 1859 297 1880 *
313 1859 429 1890 Thomas
451 1857 594 1897 Billiard,
619 1857 769 1898 Clericus,
789 1859 824 1890 A.
843 1859 877 1891 B.
894 1860 980 1890 habet
1009 1859 1169 1891 consimiles
1200 1858 1305 1891 Lireras

244 1897 373 1930 Patentes
388 1899 425 1929 de
438 1898 640 1936 presentatione
651 1899 687 1929 ad
699 1898 842 1929 Vicariam
849 1898 886 1930 de
895 1899 1054 1936 swinderby
1063 1922 1072 1936 ‚
1088 1898 1217 1929 Diocesis
1234 1902 1304 1930 Lin-

240 1936 340 1976 colnie,
358 1938 414 1974 iam
428 1936 566 1976 legittime
584 1938 617 1969 ὃς
631 1936 668 1967 de
678 1939 739 1976 jure
752 1945 905 1969 vacantem
918 1961 927 1976 ,
952 1938 985 1969 ὃς
1000 1938 1033 1968 ad
1050 1937 1175 1968 nostram
1193 1938 1306 1975 prescii-

240 1977 380 2007 tationem
395 1985 445 2013 per
455 1976 576 2013 Lapsum
590 1977 743 2015 temporis,
763 1975 819 2006 sive
837 1985 886 2014 per
901 1977 1066 2014 pravitatem
1081 1976 1230 2015 Simonie,
1249 1976 1305 2008 hac

240 2015 306 2045 vice
316 2013 506 2053 speetantem3
526 2014 563 2045 Et
583 2014 743 2051 diriguntur
760 2014 798 2045 he
814 2014 909 2046 Litere
926 2014 1058 2046 Parentes
1078 2013 1254 2046 Reverendo
1274 2017 1303 2047 in

240 2051 362 2084 Christo
376 2052 452 2083 Patri
463 2052 599 2092 Johanm'
608 2076 618 2092 ,
635 2052 776 2083 Lincolnie
791 2052 945 2091 Episcopo.

280 2090 371 2123 Teste
382 2090 464 2131 Rege
481 2091 557 2130 apud
570 2090 830 2132 Westmonaflerium
840 2114 850 2132 ‚
868 2091 1006 2124 vicesimo
1018 2091 1099 2123 sexto
1113 2089 1159 2122 die
1171 2091 1267 2131 Junii.

230 2193 236 2199 .
275 2167 412 2209 Philippus
428 2167 565 2211 Oldfield,
583 2166 728 2208 Clericus,
749 2168 786 2200 A.
803 2168 834 2201 B.
850 2167 936 2200 habet
951 2168 1115 2200 consimiles
1130 2169 1237 2200 Literas
1250 2169 1305 2201 Pa-

240 2215 330 2239 rentes
347 2209 383 2239 de
400 2209 605 2246 presentatione
621 2207 657 2238 ad
681 2206 851 2239 Restoriam
868 2208 905 2239 de
928 2206 1061 2246 Lasfham
1082 2208 1146 2238 alias
1167 2207 1304 2248 Lalbam‚

241 2245 374 2278 Diocefis
393 2249 556 2285 Wintom'e,
571 2246 631 2284 jam
645 2246 782 2285 legittime
796 2248 829 2279 &
842 2246 878 2277 de
890 2247 954 2283 jure
971 2256 1139 2284 vacantem,
1158 2247 1192 2278 &
1205 2248 1239 2278 ad
1247 2258 1305 2278 no-

240 2284 331 2315 stram
347 2285 582 2323 presentationem
594 2294 644 2322 per
659 2284 780 2323 Lapsum
797 2285 936 2323 temporis
957 2285 1010 2316 hac
1026 2285 1092 2315 vice
1112 2285 1303 2325 spe&antem;

246 2322 286 2354 Et
301 2322 460 2360 diriguntur
475 2323 513 2355 he
530 2323 625 2354 Litere
633 2322 762 2355 Patentes
775 2322 951 2354 Reverendo
966 2325 995 2354 in
1004 2321 1122 2355 Christo
1135 2323 1212 2356 Patri
1219 2325 1307 2356 Gual-

243 2368 321 2399 tero,
340 2363 486 2392 Wintom'e
500 2361 650 2400 Episcopo.

280 2399 370 2431 Teste
382 2399 466 2441 Rege
481 2401 556 2440 apud
575 2399 851 2441 Westmonasterium,
869 2401 1006 2434 vicesimo
1020 2401 1098 2433 sexto
1113 2401 1159 2434 die
1174 2402 1263 2441 Junii.

284 2478 438 2511 Richardus
450 2477 557 2519 Allen,
575 2478 725 2520 Clericus,
743 2480 775 2514 S.
795 2479 837 2513 T.
861 2481 897 2514 P.
916 2479 1002 2514 habet
1024 2478 1183 2515 consimiles
1200 2481 1309 2516 Literas

244 2517 374 2549 Patentes
401 2519 436 2550 de
463 2520 665 2556 presentatione
687 2521 722 2552 ad
749 2521 917 2552 Rectoriam
951 2523 1052 2552 Sancle
1073 2526 1165 2553 Marie
1194 2525 1226 2554 de
1251 2528 1307 2555 Ca-

243 2557 298 2596 stro
316 2557 533 2596 eantuariensts,
554 2558 684 2589 Diocesis
699 2560 922 2599 Cantuarienfis,
938 2561 996 2598 jam
1010 2563 1148 2600 legittime
1163 2563 1195 2593 &
1210 2562 1245 2592 de
1258 2564 1305 2602 ju-

249 2605 279 2625 re
299 2604 467 2633 vacantem,
486 2595 519 2626 δε
538 2596 574 2626 ad
595 2597 721 2627 nostram
741 2598 978 2633 presentationem
995 2600 1081 2635 pleno
1104 2601 1162 2636 jure
1183 2601 1310 2636 specian-

247 2643 325 2673 temg,
351 2634 388 2664 Et
403 2634 562 2671 diriguntur
573 2634 609 2664 he
628 2634 724 2665 Litere
740 2635 868 2666 Patentes
887 2636 1137 2667 Reverendissimo
1149 2640 1177 2668 in
1190 2639 1312 2671 Christo

247 2672 325 2704 Patri
345 2672 494 2710 Gulielmo,
513 2672 691 2710 providentia
705 2673 801 2704 divina
823 2675 1018 2715 Cantuariwfi
1032 2676 1266 2713 Archiepiscopo.

282 2711 374 2741 Teste
392 2711 474 2750 Rege
492 2710 568 2749 apud
588 2711 867 2752 Wstmonasterium,
885 2714 1024 2744 vicesimo
1045 2714 1123 2746 seXtO
1146 2715 1192 2746 die
1208 2715 1295 2754 Julii.

285 2788 438 2819 Richardus
450 2787 554 2826 Allen,
573 2788 705 2820 Clericis
716 2812 725 2827 ,
748 2788 783 2820 A.
802 2789 851 2820 Μ.
868 2789 952 2820 habet
966 2790 1126 2821 confimiles
1143 2791 1248 2823 Lirems
1257 2793 1311 2825 Pa-

245 2835 337 2858 tentes
356 2828 392 2857 de
417 2829 620 2864 presentatione
647 2829 680 2858 ad
702 2828 871 2858 Rectoriam
904 2830 1004 2858 Sandie
1027 2829 1165 2859 Mildrede
1186 2836 1312 2862 cantua-

245 2865 354 2906 rienfis,
373 2866 501 2897 Diocesis
523 2866 743 2907 Cantuarienfis,
770 2877 819 2904 per
837 2868 1056 2903 resignationem
1078 2869 1173 2899 ultimi
1192 2870 1311 2902 incum-

244 2904 337 2935 bentis
356 2905 462 2935 ibidem
476 2905 534 2943 jam
563 2915 713 2935 vacantem
725 2929 732 2943 ,
751 2906 784 2936 δε
802 2904 837 2935 ad
854 2906 980 2936 nostram
1001 2907 1236 2943 presentationem
1251 2911 1311 2948 ple-

243 2951 284 2971 no
300 2944 358 2979 jure
374 2943 562 2982 spec'tantem3
581 2943 618 2974 Et
638 2944 795 2982 diriguntur
811 2944 849 2974 he
866 2944 958 2976 Litere
975 2945 1104 2975 Parentes
1122 2945 1312 2979 Reverendis-

247 2980 321 3010 fimo
347 2982 374 3010 in
399 2980 518 3011 Christo
539 2982 612 3012 Patri
635 2992 668 3012 ac
686 2983 821 3013 Domino
838 2983 987 3023 Gulielmo,
1015 2985 1197 3022 providentia
1214 2987 1311 3018 divina

248 3019 445 3057 Canruarienfi
468 3019 704 3058 Archiepiscopo.

281 3056 369 3087 Teste
383 3056 468 3096 Rege
482 3058 556 3095 apud
573 3058 851 3099 Weslmonasterium,
873 3059 1010 3090 vicesimo
1024 3060 1130 3091 octavo
1138 3061 1185 3091 die
1196 3062 1292 3100 Junii.

279 3132 427 3172 Johannes
439 3136 536 3171 Starr,
557 3132 703 3172 Clericus,
723 3135 758 3165 Α.
778 3135 824 3165 M.
842 3135 929 3166 habet
951 3135 1112 3166 confimiles
1134 3137 1238 3169 Literas
1256 3139 1310 3169 Pa-

247 3178 336 3202 tentes
352 3172 388 3202 de
406 3171 614 3209 presentatione
634 3173 668 3203 ad
686 3173 830 3203 Vicariam
848 3173 883 3203 de
899 3173 1069 3212 Rillington,
1088 3175 1217 3206 Diocesis
1238 3178 1310 3206 Ebo-

246 3208 379 3277 ναιεᾌβς,
399 3220 447 3247 per
465 3220 589 3240 mortem
606 3211 700 3241 ultimi
718 3210 915 3241 incumbentis
935 3212 1044 3241 ibidem
1063 3214 1121 3249 jam
1139 3224 1309 3254 vacantem,

245 3249 279 3279 &
296 3258 310 3278 a
348 3248 473 3278 nostram
492 3248 726 3286 presentationem
744 3249 830 3286 pleno
846 3250 903 3285 jure
917 3250 1106 3288 spectantem,
1127 3251 1165 3282 Et
1182 3253 1309 3292 dirigun-

245 3293 291 3316 tur
309 3285 345 3328 he
362 3286 455 3317 Litere
469 3285 600 3318 Parentes
618 3285 866 3318 Reverendissimo
883 3288 910 3316 in
927 3287 1047 3318 Christo
1064 3287 1140 3320 Patri
1155 3292 1290 3323 Richardo
1299 3315 1310 3332 ,

245 3323 428 3362 provrdentia
443 3325 537 3356 divini
554 3325 675 3356 Eburum
690 3325 924 3363 Archiepiscopo.

285 3361 377 3393 Teste
394 3362 479 3403 Rege
491 3363 564 3402 apud
584 3364 858 3404 westmonasterium,
876 3373 976 3403 quarto
990 3364 1035 3396 die
1051 3366 1142 3403 Junii.

281 3441 416 3469 Henricus
428 3439 617 3480 Smithyman,
636 3440 765 3472 Clericus
776 3465 786 3480 ,
811 3441 849 3473 A.
865 3440 898 3473 B.
919 3440 1005 3472 habet
1019 3442 1178 3475 consimiles
1197 3445 1306 3478 Literas

243 3477 373 3509 Patentes
389 3477 425 3508 de
448 3479 658 3515 presentatione
682 3480 717 3511 ad
736 3479 880 3511 Vicariam
901 3479 938 3510 de
962 3479 1116 3517 Lillington
1132 3505 1142 3520 ,
1174 3482 1305 3516 Dioceiis

244 3519 393 3547 Coventrie
405 3515 443 3551 ὠ»
457 3516 611 3558 Lichenfis,
626 3517 688 3556 jam
707 3519 842 3557 legittime
857 3520 890 3550 ὃς
909 3519 945 3549 de
961 3520 1022 3556 jure
1036 3528 1182 3552 vacantem
1193 3545 1203 3560 ,
1221 3524 1254 3554 ὃς
1268 3524 1302 3555 ad

244 3555 371 3585 nostram
399 3553 633 3592 presentationem
653 3566 703 3594 per
729 3557 854 3595 Lapsum
874 3559 1026 3595 temporis,
1045 3557 1102 3588 sive
1115 3569 1163 3596 per
1180 3564 1303 3598 pravita-

241 3602 302 3625 tem
318 3593 463 3629 simonie,
481 3593 535 3623 hac
550 3595 614 3623 vice
628 3593 801 3630 spectantem
817 3607 826 3633 3
850 3595 886 3626 Et
902 3595 1061 3634 diriguntur
1080 3597 1116 3628 he
1136 3598 1230 3630 Litere
1251 3600 1304 3631 Pa-

243 3630 530 3699 terffiessReverendo
545 3631 575 3661 in
589 3630 709 3663 Christo
723 3633 798 3665 Patri
808 3634 923 3665 Roberto
933 3657 942 3672 ,
961 3638 1109 3665 coventrie
1127 3634 1165 3671 ῤ’
1183 3637 1306 3670 Lichen-

258 3679 268 3697 1
312 3679 340 3706 pi
350 3679 440 3705 copo.

239 3669 270 3710 s
284 3707 374 3738 Teste
386 3707 468 3747 Rege
484 3706 559 3745 apud
578 3707 852 3748 Wqfimonasterium,
871 3710 1028 3742 undecimo
1040 3711 1086 3742 die
1103 3713 1191 3750 Junii.

281 3782 432 3815 Nicholaus
455 3783 593 3824 Osgvdby,
617 3783 758 3821 Clericus,
776 3785 804 3815 A
833 3785 879 3816 M.
905 3786 990 3818 habet
1014 3788 1176 3819 consimiles
1201 3790 1307 3824 Literas

245 3820 377 3854 Patentes
399 3823 436 3853 de
451 3823 654 3860 presentatione
671 3822 705 3852 ad
719 3822 862 3853 Vicariam
883 3826 971 3854 Beate
994 3828 1086 3855 Marie
1104 3828 1132 3856 in
1157 3830 1309 3869 Beverley,

247 3858 378 3890 Diocesis
394 3860 585 3901 Eboracenfis,
609 3870 658 3898 per
672 3869 795 3890 mortem
811 3862 902 3892 ultimi
917 3862 1114 3895 incumbentis
1130 3866 1235 3897 ibidem
1248 3865 1308 3906 Jzim

247 3907 415 3936 vacantem,
439 3900 472 3930 &
488 3900 522 3929 ad
542 3897 671 3929 nostram
691 3898 927 3936 presentationem
942 3902 1027 3937 pleno
1038 3903 1100 3938 jure
1116 3903 1310 3945 speetantem,

250 3934 289 3966 Et
306 3935 460 3974 diriguntur
473 3937 512 3967 he
532 3937 628 3968 Litere
646 3937 776 3968 Parentes
795 3937 1042 3968 Reverendissimo
1055 3942 1082 3968 in
1101 3941 1220 3974 Christo
1237 3945 1310 3976 Patri

249 3982 286 4042 {ic
308 3972 442 4005 Domino
466 3973 600 4005 Richardo
616 3998 627 4015 ‚
652 3975 831 4015 providentia
855 3975 950 4006 divina
971 3977 1134 4017 Eboracenst
1157 3982 1311 4022 Archiepi-

262 4019 349 4047 copo.

289 4048 379 4079 Teste
396 4047 479 4088 Rege
496 4050 570 4087 apud
588 4051 847 4092 Wcstmanallerium
856 4075 867 4092 ,
883 4051 1058 4084 duodecimo
1075 4053 1121 4085 die
1135 4054 1217 4094 Julii.

312 4128 384 4157 Iam.
403 4126 458 4155 IX.
477 4125 510 4154 P.
528 4126 573 4155 11.

1316 204 1817 251 PUBLICA.

2317 226 2395 267 139

1371 291 1518 321 Gulielmus
1539 296 1682 332 crompton
1699 316 1708 330 ,
1737 293 1867 324 Clericus
1882 315 1892 332 ,
1916 293 2002 324 habet
2027 294 2186 324 consimiles
2214 294 2318 326 Literas
2339 296 2392 326 Pa·
2418 296 2492 328 Ann.
2504 298 2546 330 D.

1336 336 1424 358 tentes
1445 331 1479 358 de
1499 333 1700 367 preseiitatione
1719 333 1753 362 ad
1773 332 1914 362 Vicariam
1941 333 2049 362 sande
2070 331 2236 368 Magdalene
2256 335 2285 363 in
2310 337 2390 364 Lan·
2437 339 2525 376 1637.

1332 366 1426 403 ceston,
1439 367 1565 398 Dioceiis
1575 371 1700 406 Exonie,
1721 379 1769 407 per
1783 372 2003 409 resignationem
2020 371 2111 401 ultimi
2127 371 2323 401 incumbentis
2337 373 2390 402 ibi—
2414 378 2455 400 Ari
2485 385 2525 412 ¹3-

1331 405 1396 433 dern
1408 407 1466 442 jam
1485 416 1643 445 vacantem,
1658 408 1692 438 ὅτ.
1711 410 1744 438 ad
1763 408 1887 438 nostram
1903 409 2141 446 presentationem
2157 409 2242 446 pleno
2254 410 2315 447 jure
2333 410 2392 446 spe·
2411 414 2474 439 Car.
2499 420 2522 442 t.

1331 442 1456 472 dantem
1472 456 1481 480 3
1511 444 1546 475 Et
1565 447 1726 482 diriguntur
1744 445 1783 476 he
1802 446 1899 476 Litere
1916 446 2045 477 Patentes
2063 446 2242 478 Reverendo
2258 449 2287 477 in
2302 445 2390 477 Chri·
2442 451 2503 486 148.

1331 479 1376 509 sso
1394 481 1466 511 Patri
1482 479 1621 522 Joftph0‚
1638 487 1746 514 Exom'e
1760 483 1916 522 Episcopo.
2074 520 2076 523 ,

1363 518 1452 550 Teste
1473 520 1554 559 Rege
1570 522 1644 559 apud
1662 523 1804 560 canbury,
1821 522 1937 553 decimo
1950 522 2055 553 ostavo
2069 523 2113 554 die
2128 521 2208 561 Julii.

1361 593 1531 632 Sebastianus
1547 597 1660 635 Smyth,
1675 597 1824 635 Clericus,
1845 597 1876 630 S.
1891 599 1931 628 T.
1949 596 2085 630 P.'habet
2102 598 2262 630 consimiles
2279 599 2387 629 Literas
2441 609 2491 638 ¹47

1326 628 1455 672 Parentes
1477 633 1512 661 de
1534 637 1732 670 presentatione
1745 637 1778 666 ad
1795 636 1938 667 Vicariam
1953 637 1987 668 de
2005 641 2134 675 Compton
2149 637 2256 675 dando,
2276 636 2387 667 Dioce-

1328 670 1360 697 iis
1377 669 1514 699 Bathom'e
1527 671 1563 704 ὠ
1578 673 1733 713 Μίίοηβ,
1752 676 1806 712 jam
1825 676 1961 714 legittime
1981 678 2013 706 ὃς
2035 677 2071 706 de
2089 677 2148 713 jure
2165 684 2330 713 vacantem,
2350 677 2385 706 δε

1326 705 1359 734 ad
1383 707 1507 752 nostram
1528 713 1757 752 presentationem
1776 723 1824 749 per
1843 714 1964 752 Lapsum
1984 716 2134 751 temporis,
2155 713 2213 744 five
2228 724 2276 751 per
2291 716 2384 753 pravi·

1328 752 1414 773 tatem
1433 746 1580 784 Simonie,
1596 748 1649 778 liac
1664 751 1727 779 vice
1738 751 1925 789 spectantem,
1945 752 1982 783 Et
1997 752 2156 789 diriguntur
2170 752 2208 782 he
2223 753 2317 783 Litere
2331 751 2386 786 Pa÷

1328 789 1417 849 ῑὲηξῗε
1428 783 1600 815 Reverendo
1617 788 1646 815 in
1660 786 1777 818 Christo
1794 789 1869 819 Patri
1886 789 2034 829 Gulielmo,
2055 790 2192 820 Bathome
2209 790 2246 825 &
2258 789 2386 830 Wllenfi

1360 830 1387 857 pi
1400 831 1484 857 copo.

1367 858 1458 889 Teste
1473 859 1555 899 Rege
1567 861 1641 898 apud
1658 862 1929 902 Wellmonasterium,
1945 865 2063 898 decimo
2079 876 2181 906 quarto
2197 867 2243 898 die
2259 866 2346 906 Julit.

1369 934 1520 966 Richardnr
1542 936 1679 979 Pltgmley,
1699 938 1845 978 Clericus,
1873 940 1900 971 A
1930 939 1977 970 Μ.
1997 941 2084 972 habet
2106 943 2265 974 consimiles
2286 944 2391 975 Literae
2437 942 2499 980 ¹4⁶»

1330 971 1462 1004 Patentes
1478 976 1514 1005 de
1529 978 1730 1012 presentatione
1745 978 1779 1008 ad
1797 978 1940 1009 Vicariam
1957 979 1993 1009 de
2012 981 2170 1019 Hsoodford,
2192 982 2323 1013 Diocefis
2337 985 2390 1012 Pe—

1329 1012 1517 1053 triburgenfis‚
1535 1023 1584 1050 per
1603 1024 1729 1045 mortem
1755 1017 1849 1047 ultimi
1873 1015 2068 1049 Incumbentis
2086 1020 2194 1049 ibidem
2209 1022 2268 1058 jam
2286 1030 2391 1052 vacan-

1329 1058 1408 1093 tem,
1429 1053 1446 1070 ⁸⁸
1464 1052 1497 1081 ὃ(
1515 1053 1549 1081 ad
1569 1052 1693 1082 nostram
1713 1054 1946 1091 presentationem
1965 1056 2051 1094 pleno
2063 1058 2127 1094 jure
2141 1057 2333 1096 spetstantem3
2352 1059 2391 1090 Et
2431 1053 2526 1084 *XX2

1331 1089 1492 1127 diriguntur
1508 1089 1544 1119 he
1566 1089 1658 1121 Litere
1679 1091 1808 1123 Patentes
1824 1093 2000 1125 Reverendo
2017 1097 2046 1125 in
2062 1094 2184 1126 Christo
2199 1097 2277 1128 Patri
2298 1101 2390 1129 Fran·
2410 1095 2474 1125 ²03·

1332 1126 1414 1166 cisto,
1433 1128 1633 1168 Petriburgenfi
1649 1129 1804 1167 Episcopo.

1369 1164 1458 1195 Teste
1476 1164 1560 1207 Rege
1579 1168 1651 1204 apud
1672 1169 1815 1209 cambum,
1832 1167 1950 1201 decimo
1967 1166 2086 1210 septimo
2105 1173 2151 1204 die
2167 1172 2249 1212 Julii.

1370 1242 1527 1273 Edwardus
1541 1244 1673 1287 Hudsbn,
1692 1245 1839 1283 Clericus,
1864 1246 1901 1277 A.
1919 1246 1966 1277 M.
1991 1248 2075 1279 habet
2094 1250 2256 1281 consimiles
2282 1249 2390 1283 Literas
2442 1265 2493 1293 ¹45

1334 1278 1463 1313 Parentes
1487 1283 1523 1312 de
1549 1286 1749 1321 presentatione
1767 1287 1801 1315 ad
1822 1285 1988 1316 Reetoriam
2007 1288 2042 1317 de
2062 1288 2164 1328 Thorpe
2181 1298 2278 1327 parva
2293 1314 2302 1328 ,
2335 1292 2395 1329 jain

1330 1317 1468 1358 legittime
1495 1323 1528 1353 ὅ(
1549 1322 1585 1352 de
1604 1323 1665 1360 jure
1688 1333 1835 1354 vacantem
1851 1347 1860 1362 ‚
1887 1325 1918 1355 &
1943 1325 1977 1355 ad
2000 1325 2125 1355 nostram
2143 1328 2395 1368 presentationem,

1330 1368 1379 1396 per
1398 1359 1518 1399 Lapsum
1538 1363 1674 1398 temporis
1697 1363 1752 1393 hac
1771 1363 1836 1392 vice
1855 1364 2047 1403 spectantem3
2069 1364 2106 1394 Et
2119 1364 2275 1405 diriguntur
2292 1369 2327 1397 he
2344 1368 2396 1397 Li—

1330 1398 1536 1466 {respatentes
1555 1397 1727 1431 Reverendo
1750 1402 1790 1431 in·
1807 1400 1928 1432 Christo
1950 1402 2026 1433 Patri
2048 1402 2199 1442 Mattheo,
2221 1405 2391 1445 Norwicenfi

1380 1446 1437 1466 ico
1459 1447 1487 1467 o.

1360 1447 1458 1506 pTestg
1476 1475 1559 1516 Rege
1578 1477 1651 1516 apud
1671 1477 1946 1520 Wstmonasterium,
1964 1478 2138 1511 duodecimo
2151 1480 2198 1511 die
2213 1477 2300 1521 Julii.

1369 1550 1519 1590 Johannes
1534 1555 1666 1595 Damon,
1693 1554 1843 1593 Clericus,
1861 1556 1891 1586 S.
1907 1555 1948 1586 T.
1961 1555 1994 1587 B.
2013 1555 2097 1588 habet
2114 1555 2274 1588 consimiles
2292 1556 2399 1588 Literas

1336 1589 1466 1620 Parentes
1485 1591 1522 1620 de
1538 1594 1742 1628 presentatione
1758 1594 1791 1624 ad
1813 1594 1982 1624 Reftoriam
2002 1595 2038 1624 de
2059 1599 2173 1626 Stutton
2197 1597 2260 1626 alias
2282 1599 2400 1634 Sutton,

1344 1627 1474 1659 Diocelis
1492 1630 1691 1671 Norwz'cenfis,
1714 1635 1771 1669 Jam
1791 1632 1929 1669 legittime
1950 1633 1984 1663 ὅς
2007 1633 2043 1664 de
2058 1633 2120 1670 jure
2142 1643 2289 1664 vacantem
2313 1636 2345 1665 &
2367 1635 2402 1665 ad

1340 1666 1465 1698 nostram
1480 1668 1717 1707 presentationem
1732 1680 1780 1707 per
1798 1671 1963 1708 pravitatem
1977 1670 2108 1701 Simonie
2119 1694 2128 1709 ,
2148 1672 2206 1701 sive
2220 1682 2269 1711 per
2281 1672 2405 1710 Lapsum

1341 1708 1477 1745 temporis
1495 1707 1546 1737 hac
1568 1708 1631 1737 vice
1650 1708 1842 1746 spe&antem3
1858 1708 1895 1738 Et
1918 1710 2075 1746 diriguntur
2098 1710 2134 1740 lie
2159 1709 2254 1740 Litere
2275 1711 2405 1743 Patentes

1342 1745 1515 1775 Reverendo
1530 1746 1557 1774 in
1572 1744 1691 1776 Christo
1702 1746 1775 1777 Patri
1790 1747 1940 1785 Matheo,
1958 1747 2130 1786 Norwicensi
2142 1747 2298 1787 Episcopo.

1379 1782 1470 1814 Teste
1486 1783 1567 1823 Rege
1582 1786 1656 1822 apud
1673 1785 1800 1826 Canbury
1810 1809 1819 1824 ,
1837 1782 1973 1818 vicesimo
1987 1787 2088 1824 quinto
2106 1788 2151 1817 die
2166 1786 2253 1826 Julii'.

2449 1579 2509 1604 ¹44·

1383 1859 1532 1899 Johannes
1546 1863 1681 1899 Duncon,
1702 1861 1848 1900 Clericus,
1873 1861 1902 1892 S.
1921 1862 1961 1893 T.
1976 1861 2008 1894 B.
2022 1859 2110 1894 habet
2126 1863 2288 1895 consimiles
2299 1861 2406 1896 Literas

1343 1898 1472 1929 Parentes
1490 1900 1527 1929 de
1543 1901 1744 1937 presentatione
1762 1900 1795 1930 ad
1816 1901 1982 1932 Rectoriam
1999 1901 2036 1932 de
2053 1903 2135 1932 stoke
2149 1903 2220 1939 juxta
2234 1907 2402 1943 Gipwicum,

1345 1936 1475 1968 Diocesis
1494 1940 1643 1968 Norwicen
1656 1949 1696 1975 is,
1710 1939 1773 1977 jam
1794 1939 1931 1978 legittime
1946 1941 1979 1971 ὃς
2000 1940 2036 1971 de
2050 1942 2114 1979 jure
2132 1949 2298 1980 vacantem,
2313 1944 2345 1972 &
2369 1944 2405 1973 ad

1345 1975 1472 2006 nostram
1495 1977 1745 2015 presentationem,
1773 1979 1881 2008 ratione
1902 1977 2049 2017 Utlagarie
2076 1980 2191 2010 Patroni
2214 1978 2351 2011 Reftorie
2366 1981 2404 2011 de

1344 2016 1427 2045 Stoke
1435 2015 1576 2054 predicta,
1595 2015 1650 2046 five
1668 2025 1716 2054 per
1730 2017 1897 2053 pravitatem
1905 2016 2053 2054 Simonie,
2073 2017 2129 2047 sive
2143 2027 2190 2056 per
2202 2018 2404 2056 Lapsumtem⁴

1344 2055 1420 2091 poris
1433 2054 1489 2084 hac
1504 2054 1567 2084 vice
1583 2054 1754 2091 spectantem
1767 2065 1778 2093 3
1795 2054 1831 2085 Et
1847 2055 2004 2092 diriguntur
2025 2056 2060 2087 lie
2081 2056 2175 2086 Litere
2191 2057 2321 2088 Patentes
2342 2056 2404 2088 Re-

1344 2092 1470 2124 verendo
1488 2093 1516 2121 in
1532 2091 1650 2123 Christo
1665 2092 1739 2123 Patri
1756 2093 1904 2130 Mattheo,
1924 2094 2097 2134 Norwiceusi
2112 2095 2265 2132 Episcopo.

1381 2130 1472 2163 Teste
1491 2130 1574 2170 Rege
1592 2131 1666 2170 apud
1684 2131 1829 2172 Canbury,
1847 2132 1989 2164 tricesimo
2003 2134 2098 2170 primo
2114 2134 2161 2164 die
2178 2134 2260 2172 Julii.

2450 1881 2510 1910 143.

1379 2207 1525 2247 Johannes
1536 2211 1676 2248 Tourney,
1694 2208 1842 2246 Clericus.
1860 2209 1888 2241 S.
1905 2209 1947 2240 T.
1962 2209 1994 2241 B.
2014 2209 2098 2242 habet
2118 2209 2279 2242 consimiles
2297 2210 2406 2243 Literas

1345 2245 1477 2278 Parentes
1491 2248 1526 2279 de
1551 2249 1750 2286 presentatione
1774 2251 1809 2279 ad
1830 2248 1995 2279 Rectoriam
2022 2250 2059 2280 de
2078 2250 2258 2287 Combflorey,
2277 2250 2410 2281 Dioceiis

1346 2286 1484 2316 Bathonie
1500 2286 1536 2322 ὠ
1553 2286 1704 2326 VVellensis,
1723 2298 1771 2325 per
1786 2287 2021 2327 Resignationem
2037 2290 2128 2318 ultimi
2142 2288 2337 2319 lncumbentis
2353 2289 2409 2318 ibi-

1345 2324 1414 2355 dem
1428 2326 1482 2362 jam
1498 2334 1647 2357 vacantem
1661 2349 1671 2364 ,
1689 2327 1723 2357 δε
1736 2326 1770 2356 ad
1785 2325 1909 2356 nostram
1924 2326 2160 2365 presentationem
2177 2328 2262 2364 pleno
2273 2328 2333 2364 jure
2348 2327 2411 2366 spe-

1345 2364 1493 2401 stantem,
1510 2364 1547 2394 Et
1560 2364 1714 2402 diriguntur
1728 2365 1765 2396 he
1782 2364 1878 2396 Litere
1899 2364 2031 2395 Patentes
2048 2364 2223 2396 Reverendo
2244 2364 2411 2396 in‘Christo

1345 2402 1424 2433 Patri
1439 2401 1587 2441 Gulielmo,
1606 2402 1746 2433 Bathonie
1761 2405 1793 2435 ὃς
1812 2402 1941 2442 Wellenfi
1954 2403 2107 2441 Episcopo.

1383 2441 1473 2472 Teste
1492 2440 1574 2482 Rege
1592 2442 1665 2480 apud
1685 2442 1826 2482 (Σακῶν-γ,
1844 2452 1928 2472 nono
1943 2441 1988 2472 die
2002 2442 2128 2482 Augusti.

2455 2218 2518 2253 ¹4²3

1384 2519 1500 2552 Thomas
1516 2519 1641 2561 Powell,
1661 2519 1812 2558 Clericus,
1830 2520 1866 2551 A.
1884 2516 1931 2550 M.
1950 2520 2033 2550 habet
2053 2517 2213 2550 consimiles
2229 2518 2335 2550 Literas
2355 2519 2408 2563 Pa-

1347 2570 1437 2592 tentes
1456 2561 1491 2591 de
1513 2560 1719 2598 presentatione
1739 2561 1773 2590 ad
1791 2560 1960 2589 Rec'toriam
1982 2561 2017 2588 de
2042 2557 2258 2594 Llanvrenath,
2279 2558 2410 2589 Dioceiis

1349 2597 1544 2638 Menevensi's,
1565 2599 1626 2637 jam
1650 2599 1786 2635 legittime
1802 2599 1834 2628 &
1852 2598 1887 2626 de
1906 2597 1968 2634 jure
1990 2606 2135 2626 vacantem
2148 2619 2156 2630 ,
2173 2596 2205 2626 ὅ(
2224 2597 2257 2625 ad
2282 2597 2410 2627 nostram

1350 2638 1586 2676 presentationem
1602 2637 1663 2673 jure
1680 2636 1857 2673 Pici-ogarive
1872 2634 1992 2665 Corone
2008 2636 2103 2664 nostre
2120 2634 2216 2671 Regni
2233 2634 2337 2672 Anglie
2349 2657 2358 2672 ‚
2374 2636 2407 2665 si-

1352 2687 1388 2706 ve
1404 2678 1511 2705 ratione
1530 2673 1678 2713 Urlagarie
1702 2675 1842 2703 Edwardi
1861 2673 1986 2707 Awbrey
2007 2674 2168 2711 Arziiigeri,
2197 2673 2309 2703 latroni
2329 2674 2408 2704 dicte

1350 2713 1494 2751 Eccleiie,
1509 2713 1563 2743 sive
1577 2713 1631 2743 alio
1645 2722 1818 2750 quocunque
1831 2714 1920 2741 modo
1937 2714 1989 2741 liic
2004 2713 2067 2751 vice
2081 2710 2272 2750 speetanteni,
2292 2711 2328 2740 Et
2343 2712 2412 2741 diri-

1349 2761 1456 2791 guntur
1470 2752 1506 2781 he
1522 2751 1616 2791 Litere
1632 2751 1759 2783 Pate-ntes
1774 2751 1943 2783 Reverendo
1959 2753 1988 2782 in
1999 2750 2118 2782 Christo
2134 2749 2209 2781 Patri
2218 2752 2334 2787 Rogero,
2345 2752 2410 2779 Me·

1350 2789 1464 2830 nevenfi
1484 2790 1636 2827 Episcopo.

1388 2830 1477 2860 Teste
1496 2829 1580 2868 Rege
1597 2828 1669 2868 apud
1686 2828 1828 2867 Cavbury,
1847 2835 1927 2858 nono
1940 2829 1985 2860 die
2000 2825 2127 2868 Augusti.

2452 2540 2515 2575 ¹4¹4

1388 2906 1537 2945 Johamies
1553 2906 1654 2945 Siday,
1671 2905 1818 2943 Clericus,
1843 2905 1878 2936 A.
1900 2904 1944 2935 M.
1965 2906 2049 2936 habet
2064 2901 2221 2935 confimiles
2238 2901 2342 2946 Literas
2358 2898 2414 2934 Pa-

1352 2954 1442 2976 tentes
1454 2947 1488 2975 de
1501 2945 1700 2982 presentatione
1708 2946 1741 2975 ad
1751 2945 1919 2975 Retioriani
1937 2944 1972 2974 de
1980 2942 2178 2980 Llumaarlhe,
2199 2943 2412 2983 DioceiisLon-

1351 2986 1417 3022 don,
1433 2986 1491 3022 jam
1513 2984 1649 3022 legittime
1666 2986 1696 3014 δε
1714 2983 1749 3014 de
1763 2986 1820 3020 iure
1837 2993 2004 3020 vacantem,
2020 2984 2052 3014 ὃς
2075 2991 2107 3012 au
2129 2981 2410 3024 noi-tiarii‘prelenta-

1351 3027 1460 3055 tionem
1481 3032 1529 3059 per
1549 3023 1670 3060 Lapinm
1688 3024 1821 3060 temporis
1837 3022 1891 3050 sive
1906 3031 1952 3058 per
1971 3022 2141 3058 pravitatem
2152 3019 2280 3049 Simonie
2296 3018 2349 3047 hac
2366 3028 2409 3061 vi-

1349 3073 1383 3093 ce
1405 3062 1598 3100 spec‘iantemg
1618 3060 1656 3090 Et
1678 3060 1834 3099 diriguntur
1860 3060 1895 3088 he
1921 3059 2014 3089 Litere
2037 3057 2165 3087 Parentes
2188 3057 2359 3087 Reverendo
2378 3065 2409 3086 in

1352 3100 1471 3131 Christo
1490 3099 1564 3129 Patri
1582 3099 1715 3128 Domino
1736 3097 1883 3134 Gulielmo,
1905 3099 2017 3126 Londin
2033 3096 2186 3133 Episcopo.

1385 3137 1475 3168 Teste
1493 3136 1573 3174 Rege
1583 3136 1657 3173 apud
1673 3136 1813 3174 Canbury,
1834 3144 1913 3165 nono
1929 3135 1975 3165 die
1990 3133 2117 3173 Augusti.

2454 2923 2516 2953 1400

1385 3212 1530 3252 Johannes
1555 3214 1687 3250 Wring,
1713 3206 1843 3241 Clericus
1865 3210 1898 3242 A.
1934 3208 1979 3240 M.
2006 3211 2094 3241 habet
2116 3211 2279 3243 consimiles
2303 3209 2407 3243 Literas

1347 3253 1476 3284 Patentes
1495 3251 1531 3281 de
1555 3251 1761 3288 presentatione
1778 3250 1813 3279 aci
1835 3234 1975 3280 sicariam
1995 3250 2030 3280 de
2053 3249 2253 3289 ambasium,
2275 3249 2407 3281 Diocefis

1345 3294 1470 3328 Exom‘e,
1484 3291 1543 3329 jam
1559 3291 1694 3329 legttime
1708 3290 1739 3319 ὅτ
1755 3288 1792 3318 de
1804 3289 1866 3326 jure
1881 3297 2029 3319 vacantem
2039 3311 2048 3324 ,
2058 3289 2090 3319 δε
2105 3288 2138 3318 ad
2155 3288 2280 3318 nostram
2294 3288 2410 3326 presen-

1345 3332 1482 3362 tationem
1500 3339 1548 3366 per
1564 3329 1728 3366 pravitatem
1744 3326 1888 3364 Simonie,
1910 3332 1965 3356 live
1981 3336 2029 3363 per
2052 3326 2174 3362 Lapsnm
2195 3328 2331 3364 temporis
2349 3327 2406 3358 hac

1345 3371 1409 3400 vice
1421 3367 1613 3405 speetantem3
1639 3367 1676 3396 Et
1691 3366 1847 3403 diriguntur
1867 3366 1904 3395 he
1920 3365 2016 3396 Litere
2039 3363 2215 3396 Reverendo
2238 3366 2268 3396 in
2287 3364 2406 3397 Christo

1347 3408 1420 3440 Patri
1437 3405 1506 3446 Josb
1523 3405 1571 3442 ho,
1589 3407 1695 3435 Exonie
1712 3404 1864 3442 Episcopo.

1380 3447 1469 3478 Teste
1519 3454 1572 3482 ege
1586 3444 1660 3481 apud
1672 3444 1797 3482 Canbury
1808 3465 1817 3480 ,
1836 3442 1978 3473 tricesimo
1994 3443 2090 3480 primo
2105 3441 2151 3472 die
2163 3440 2249 3480 Julii.

1380 3520 1545 3554 willielmus
1559 3519 1765 3560 Dowdefwell,
1784 3518 1925 3556 Clericus,
1935 3518 1969 3548 L.
1985 3518 2020 3549 L.
2035 3518 2065 3549 B.
2081 3518 2167 3550 habet
2183 3518 2344 3550 consimiles
2355 3517 2405 3549 Li-

1344 3570 1414 3593 teras
1430 3561 1559 3592 Patentes
1580 3560 1616 3589 de
1638 3559 1840 3596 presentatione
1855 3558 1887 3587 ad
1905 3557 2046 3587 Vicariam
2059 3556 2095 3588 de
2109 3557 2220 3599 Trinley
2235 3558 2297 3588 alias
2309 3557 2407 3596 Τίνων,

1344 3600 1475 3631 Diocesis
1489 3596 1667 3636 Glaucestrie,
1687 3607 1735 3634 per
1749 3605 1871 3626 mortem
1893 3595 1985 3624 ultimi
2004 3594 2202 3626 incumbentis
2223 3597 2328 3626 ibidem
2339 3596 2401 3633 jam

1343 3647 1511 3674 vacantem,
1528 3638 1561 3668 &
1584 3637 1617 3665 ad
1634 3636 1759 3665 nostram
1777 3634 2007 3670 presentationem
2026 3634 2111 3671 pleno
2129 3635 2190 3672 jure
2211 3634 2402 3671 spectantem,

1344 3677 1380 3707 Et
1395 3678 1553 3714 diriguntur
1567 3675 1604 3704 he
1621 3675 1715 3705 Litere
1732 3673 1857 3702 Parentes
1870 3670 2019 3710 Goasfrido,
2039 3671 2197 3711 Glaucessrie
2211 3673 2364 3710 Episcopo.

1382 3715 1472 3747 Teste
1489 3714 1568 3752 Rege
1581 3713 1654 3749 apud
1672 3711 1817 3749 Canbury,
1836 3709 2009 3740 duodecimo
2022 3710 2068 3742 d.e
2086 3711 2212 3750 Augusti.

2453 3224 2518 3257 ¹393

2448 3536 2512 3577 ¹33?

1382 3789 1512 3821 Nicolaus
1526 3786 1641 3825 Lovell,
1662 3785 1808 3823 Clericus,
1827 3785 1862 3816 A.
1883 3785 1928 3816 M.
1946 3787 2027 3817 habet
2047 3786 2207 3818 confimiles
2232 3784 2337 3817 Literas
2351 3785 2406 3817 Pa-

1347 3839 1439 3862 rentes
1454 3829 1489 3858 de
1503 3827 1704 3863 presentatione
1715 3825 1748 3854 ad
1758 3823 1896 3854 Vicariam
1906 3825 1942 3855 de
1957 3826 2037 3856 stoke
2050 3828 2162 3865 Payges,
2172 3824 2301 3855 Dioceiis
2317 3825 2404 3861 Bmk,

1348 3870 1403 3907 jam
1416 3867 1557 3905 legittime
1572 3866 1604 3894 ὃ(
1617 3863 1652 3892 de
1663 3863 1725 3899 jure
1745 3871 1894 3893 vacantem
1904 3887 1913 3899 ,
1934 3866 1966 3896 &
1980 3866 2013 3893 ad
2029 3866 2152 3893 nostram
2169 3864 2405 3900 presentationem

1348 3917 1396 3944 per
1420 3903 1538 3941 Lapsum
1567 3901 1725 3937 tempori5‚
1759 3900 1814 3930 sive
1836 3903 2000 3937 pravitatem
2025 3902 2155 3930 Simonie
2178 3902 2230 3931 hac
2256 3902 2321 3931 vice
2345 3900 2405 3937 spe-

1349 3946 1473 3975 ctantem
1493 3951 1500 3976 3
1529 3939 1565 3969 Et
1593 3938 1752 3972 diriguntur
1773 3939 1810 3968 he
1829 3939 1924 3970 Litere
1950 3940 2077 3970 Parentes
2101 3935 2348 3969 Reverendiffimo
2373 3939 2405 3968 in

1351 3980 1469 4011 Christo
1480 3977 1554 4007 Patri
1567 3974 1719 4014 Gulielmo,
1739 3978 1917 4014 providentii
1932 3977 2029 4008 divina
2047 3977 2238 4016 cantuariensi
2257 3975 2406 4013 Archiepi-

1350 4020 1455 4056 scopo,
1473 4017 1491 4035 '¹‘
1509 4016 1569 4045 &c-
1587 4016 1695 4044 ratione
1711 4014 1904 4052 suspensionis
1920 4016 2054 4053 Episcopi
2073 4013 2218 4045 Lincolnie.

1388 4055 1476 4088 Teste
1494 4050 1576 4091 Rege
1590 4052 1666 4091 apud
1681 4053 1827 4094 Canbury,
1844 4054 1962 4084 decimo
1977 4064 2058 4085 nono
2072 4054 2116 4084 die
2132 4050 2257 4089 Augusti.

2453 3803 2515 3842 ¹372

2442 4034 2538 4064 ‘XXJ

2427 4084 2496 4111 ²09·

1856 4128 1914 4160 Sa
2337 4123 2412 4157 Hen-
