2561 4263
223 105 276 148 72

247 179 276 253 ⁶(1'v

379 175 407 250 ’ἩὟ

581 76 1232 128 SYLLABUS
1313 76 1526 118 SEU

484 249 526 276 De
544 245 669 273 Domino
684 244 839 280 Egremont
854 239 1042 269 Perturbatore
1059 237 1138 267 Pacis
1152 248 1243 278 oppo-

520 285 619 312 nendo.
1204 287 1242 313 40

482 324 524 351 De
541 323 619 350 Duce
632 317 754 347 Eborum
773 316 932 346 Protectore
957 316 1049 354 Regni
1067 315 1245 344 intendendo.

1208 363 1242 388 4¹

481 400 523 426 De
550 395 725 425 Vitellatione
753 396 781 423 δε
809 392 964 422 Munitione
992 393 1088 420 Turris
1116 392 1245 420 London.

1206 440 1243 466 42

479 475 531 502 Pro
548 475 625 502 Duce
635 470 822 502 Somersetiae,
836 480 885 507 pro
900 469 1025 497 Denariis
1042 467 1177 496 solvendis
1192 478 1242 506 pro

517 513 653 549 Captione
675 509 811 548 johannis
838 508 865 537 se
890 509 1034 537 nominan.
1059 508 1241 542 capitaneum

519 551 628 578 Kantiae
639 571 646 582 ,
666 552 720 577 δῖε.
1203 555 1238 583 43

479 590 533 617 Pro
549 589 656 616 Andrea
674 584 776 614 Hooles
793 584 901 613 Clerico
912 606 919 616 ,
938 586 970 613 de
988 584 1108 612 Denariis
1132 582 1240 611 solven-

510 626 549 655 dis
573 637 622 664 pro
647 625 779 663 Expcnfis
803 625 830 652 in
844 625 990 662 quaerendo
1005 624 1112 651 dietum
1130 623 1242 659 Capita-

513 675 608 694 neum.
1203 672 1240 697 44
1299 685 1300 688 ,

478 705 521 732 De
548 704 632 740 Equis
655 702 723 730 dieti
746 701 892 739 Capitanei
906 701 995 729 eidem
1013 698 1127 728 Andreae
1141 698 1226 727 delibe

513 744 608 770 randis.
1203 747 1241 774 45
1271 749 1273 751 ’
1298 729 1324 768 ‚⁵

477 782 520 809 De
536 779 708 847 Aaerraiatione
728 776 850 807 facienda
865 778 893 805 in
910 778 996 805 Com.
1016 777 1103 805 Cestx.
1124 778 1150 804 &
1170 778 1240 842 Lan6-

507 823 552 848 cal
566 830 589 848 r.
1199 825 1218 851 4

473 859 516 886 De
534 858 636 889 Bonis,
652 854 776 886 Catallis,
797 857 851 883 δῖε.
871 853 1020 882 Proditoris
1035 854 1085 891 qui
1103 852 1128 881 se
1145 862 1240 881 nomi·
1278 880 1297 890 υ

505 904 553 924 nat
570 896 726 934 johannem
743 895 899 931 Mortymer
919 895 946 922 δι
961 892 1172 920 Adhaerentium
1197 902 1237 919 ar·
1278 906 1287 917 ι

507 936 644 963 restandis.

473 975 517 1002 De
532 974 707 1002 Proteffione
723 981 774 1009 pro
790 970 915 1008 Johanne
930 968 1064 1007 Gosselyn
1082 968 1173 998 versus
1187 970 1238 996 Pa·
1270 1002 1272 1004 Ι
1314 976 1322 982 ·

510 1012 585 1040 rifius
601 1013 630 1039 in
649 1010 814 1039 Ambaffiata
829 1009 1002 1047 profestum.
1199 1007 1237 1044 48

473 1051 517 1079 De
533 1051 683 1078 Conduetu
699 1059 749 1086 pro
765 1049 891 1086 johanne
908 1047 1036 1074 Methen
1056 1045 1240 1074 Ambassmto—

508 1099 535 1117 re
553 1091 637 1127 Regis
654 1091 814 1115 Scotorum.
1198 1094 1238 1121 49
1295 1110 1298 1120 2

472 1128 515 1156 De
533 1127 660 1165 Expznfis
677 1125 812 1154 solvendis
829 1125 907 1163 super
921 1123 1003 1152 Bonis
1021 1123 1172 1152 Proditoris
1185 1124 1239 1160 Jo-

509 1166 606 1194 hannis
626 1167 781 1202 Mortymer
798 1163 933 1192 seisendis.
1201 1171 1237 1198 50

474 1206 516 1232 De
538 1203 686 1232 Williclmo
709 1205 788 1230 Duce
819 1202 890 1231 Suff.
910 1203 937 1229 in
957 1201 1071 1229 Tun-im
1087 1200 1237 1230 commisso

507 1253 599 1271 coram
618 1244 695 1280 Rege
710 1242 738 1269 in
755 1240 934 1269 parliamento
951 1240 1088 1267 ducendo.
1201 1249 1233 1275 5¹

474 1282 516 1309 Dc
536 1282 707 1310 Liberationc
724 1280 792 1308 disti
807 1280 891 1307 Ducis
908 1278 923 1306 ὲ
941 1278 1084 1306 Custodia.
1202 1287 1236 1311 52

473 1321 517 1348 De
542 1321 664 1349 Denariis
685 1318 817 1347 solvendis
846 1316 984 1346 Arculario
1012 1316 1097 1354 Regis
1115 1325 1165 1353 pro
1182 1317 1236 1344 Ha·

509 1359 572 1392 stis,
595 1359 723 1397 Sagittis,
747 1359 801 1385 &c.
1200 1364 1235 1392 53
1285 1389 1293 1396 ,
1313 1381 1321 1389 ³

472 1398 514 1425 De
679 1395 922 1424 Procrastinatione
938 1395 967 1422 in
989 1392 1185 1432 proficiscendo
1210 1394 1237 1421 in
1277 1393 1294 1408 'a

508 1435 622 1464 Hibern.
1201 1441 1239 1468 54

470 1474 612 1511 johannes
630 1475 743 1511 Marney
761 1471 842 1500 Miles
860 1472 928 1510 petit
951 1471 1077 1508 Capitan.
1096 1469 1129 1498 de
1150 1471 1237 1498 Ham-

507 1523 575 1541 mes.
1200 1518 1237 1545 55

471 1551 596 1579 Affensus
618 1552 702 1589 Regis
718 1550 860 1579 Petitioni.
1202 1550 1237 1583 56

472 1589 632 1624 Ejusmodi,
659 1600 708 1627 pro
727 1590 834 1626 jacobo
854 1585 966 1615 Blundel
984 1596 1123 1624 ρπο--ι
1201 1595 1236 1622 57

475 1629 527 1656 Pro
546 1629 681 1656 Edwardo
696 1627 776 1655 Blake
787 1648 793 1658 ,
813 1627 845 1655 de
861 1625 993 1653 Custodia
1010 1625 1097 1652 Castri
1115 1624 1150 1652 de
1162 1625 1236 1652 Had—

508 1666 561 1703 leig
580 1667 607 1694 in
623 1666 768 1693 Comitatu
787 1664 900 1692 Essexiae
915 1663 1051 1691 concessa.
1200 1663 1236 1699 58
1275 1676 1296 1689 η

472 1705 514 1732 De
536 1703 720 1732 Relaxatione
741 1713 792 1741 pro
815 1702 961 1740 Radulpho
984 1700 1090 1730 Boteler
1119 1703 1150 1730 ὅτ,
1171 1700 1239 1731 aliis.

469 1783 520 1809 Pro
545 1782 624 1810 Duce
645 1781 768 1810 Eborum
780 1803 787 1814 ‚
809 1781 841 1808 de
859 1779 984 1808 Denariis
1003 1776 1138 1807 solvendis
1155 1778 1236 1817 super

507 1820 739 1848 Locumtenentia
759 1819 907 1850 Hiberniae.
1196 1819 1235 1845 60
1294 1820 1295 1823 ’

469 1858 623 1893 Ejusmodi.
1201 1858 1233 1884 61

469 1899 511 1925 De
531 1898 606 1925 dono
628 1897 712 1935 Regis
728 1895 851 1935 johanni
867 1894 958 1933 Abery
996 1904 1027 1922 ro
1045 1896 1129 1924 Nova
1145 1903 1160 1921 a
1175 1895 1236 1922 Du·
1294 1926 1296 1932 Ι

510 1945 541 1964 ce
563 1936 736 1965 Somersetiae
758 1938 786 1966 &
811 1934 925 1963 Comite
945 1936 978 1962 Sa
989 1933 1059 1971 opiae
1084 1932 1236 1962 adferenda.

469 2012 511 2040 De
534 2013 698 2042 Ambaffiata
720 2024 770 2052 pro
789 2012 931 2042 metando
955 2010 1033 2049 super
1059 1974 1236 2049 Attemptag}
1293 2044 1295 2048 Ι

503 2054 652 2117 {eparandis
670 2053 810 2091 Burgund.
825 2054 852 2082 ὃς
868 2051 902 2079 ad
919 2049 1166 2087 Archiepiscopum
1177 2050 1235 2077 Co-

469 2100 772 2158 Litffieaebirculatoriae
783 2151 790 2162 ‚
800 2130 833 2158 de
850 2126 1111 2156 Affemblationibus
1127 2090 1234 2156 tesbi?-

505 2169 618 2205 gendis.
641 2171 695 2197 &e.
1194 2167 1231 2202 ⁶4

469 2206 523 2233 Pro
540 2206 754 2245 Archiepiscopo
771 2207 900 2235 Cantuar.
913 2206 946 2235 de
961 2205 1086 2234 Denariis
1100 2202 1236 2232 solvendis

506 2255 556 2282 pro
574 2246 778 2283 Redemptione
795 2244 946 2283 jocalium.
1197 2245 1236 2278 65

428 2308 434 2314 ,
470 2283 513 2310 De
538 2285 622 2310 Dono
651 2285 736 2321 Regis
763 2284 795 2311 ad
822 2285 925 2320 Artoys
947 2283 1054 2320 Regem
1082 2283 1234 2310 Armorum
1278 2273 1319 2326 ξ’)

510 2322 627 2350 Duciffae
646 2322 820 2359 Burgundiae.
1199 2323 1234 2348 66
1278 2327 1311 2350 J}

469 2360 522 2388 1³10
541 2360 704 2389 Confess'ore
722 2361 838 2398 chinae
856 2360 972 2392 Scotiae,
992 2360 1024 2388 de
1040 2359 1116 2387 dono
1139 2359 1236 2397 Regis.
1278 2355 1312 2391 ἒξ

470 2440 512 2467 De
535 2439 715 2468 Conceffione
739 2438 855 2466 Civibus
882 2435 998 2465 Roffen.
1017 2445 1050 2463 ex
1075 2436 1158 2464 Bonis
1182 2400 1234 2473 JZZ
1278 2408 1311 2470 εἰ

506 2477 602 2505 hannis
626 2479 698 2506 Cade
724 2478 791 2505 diCt.
812 2478 970 2513 Mortymer
991 2484 1041 2513 pro
1067 2474 1234 2512 reparatione
1279 2477 1307 2488 ’

506 2517 595 2544 Portae
613 2515 771 2543 Orientalis.
1197 2513 1232 2540 68
1278 2516 1318 2552 ἢ*

469 2554 512 2582 De
528 2554 596 2583 salva
612 2555 711 2583 Gardia
727 2563 776 2591 pro
791 2553 921 2592 johanne
938 2551 1023 2590 Basyn
1039 2552 1072 2580 de
1087 2551 1236 2589 Cambray.
1277 2559 1310 2601 Ἀ,

471 2631 632 2666 Ejusmodi,
652 2642 703 2670 pro
719 2631 916 2659 Mercatoribus
931 2630 963 2658 de
979 2628 1124 2657 Alcmana.
1197 2593 1233 2664 ξιξ
1277 2624 1310 2663 *s

471 2670 522 2697 Pro
547 2672 635 2699 David
661 2670 730 2698 Filio
746 2669 873 2707 Stephani
889 2670 922 2696 dc
938 2668 1050 2700 ssroffis,
1071 2669 1104 2696 de
1121 2667 1232 2695 Confir—
1278 2664 1312 2716 ),Ξ

508 2709 641 2737 matione.
1198 2714 1212 2741 7
1221 2716 1230 2734 1

471 2746 524 2773 Pro
540 2748 620 2774 Petro
639 2749 690 2784 Ap.
712 2747 783 2774 Cive
800 2745 940 2783 Burdegal.
952 2745 985 2773 de
1002 2744 1173 2773 Remiffione
1188 2745 1232 2772 de·
1277 2735 1292 2785 ,ἶ

508 2783 566 2812 licei
582 2792 676 2813 contra
694 2785 861 2812 Servitorem
877 2784 969 2812 suum.
1198 2792 1232 2818 72
1278 2787 1309 2825 <⁰-

473 2824 514 2850 De
529 2823 634 2852 Officio
652 2823 857 2852 Proclamatoris
872 2822 936 2851 alias
953 2822 1029 2850 Crier
1053 2822 1150 2850 Baion.
1166 2830 1232 2849 con·
1277 2822 1289 2854 ζ·
1299 2827 1312 2859 :3

1278 2863 1288 2878 5-
1301 2868 1312 2878 x

506 2862 590 2889 ceffo.

472 2900 514 2927 De
531 2901 727 2929 Pardonatione
745 2901 868 2929 Bernardi
887 2897 1097 2928 Descudenham
1116 2899 1143 2926 δε
1165 2896 1232 2926 alio-
1279 2883 1310 2935 J(

508 2948 570 2966 rum
592 2949 642 2976 pro
660 2939 805 2968 Occifione
821 2939 980 2967 Hominum
1004 2938 1032 2965 se
1054 2936 1236 2965 defendendo.
1277 2938 1291 2976 lg

1199 2983 1288 3016 74

472 3016 535 3043 Rex
551 3017 582 3044 ad
600 3018 706 3054 Regem
726 3016 826 3044 Scotiae
841 3014 981 3053 querelans
995 3014 1028 3042 de
1054 3014 1131 3042 Navi
1155 3022 1234 3051 capta
1276 3018 1311 3056 τ’)

506 3062 599 3082 contra
619 3055 741 3083 formam
759 3057 944 3092 Treugarum.
1196 3061 1233 3087 75
1271 3057 1301 3081 a*

470 3093 512 3120 De
535 3094 674 3122 trastando
690 3094 722 3121 de
738 3094 806 3121 Pace
820 3103 885 3120 cum
903 3094 980 3130 Rege
1001 3090 1110 3119 scotiae.
1197 3093 1233 3126 76
1286 3098 1308 3120 ν,

470 3132 512 3158 De
528 3132 668 3161 tradkando
682 3141 747 3160 cum
762 3133 861 3160 eodem
876 3130 955 3169 super
965 3129 1133 3158 Abstinentia
1141 3129 1231 3156 Guer-
1275 3125 1309 3177 2⁴(

505 3179 551 3197 τῖε.
1197 3177 1230 3203 77
1284 3178 1301 3191 υ

469 3208 512 3236 De
526 3206 664 3244 jocalibus
682 3208 850 3238 invadiandis
866 3207 940 3236 Dnci
957 3205 1104 3234 Somerset.
1196 3206 1231 3241 78
1276 3207 1310 3241 δυ,

470 3247 511 3273 De
526 3247 675 3274 Conduem
694 3257 743 3284 pro
761 3247 918 3275 Prisonariis
936 3245 1081 3274 Britanniae
1095 3254 1145 3282 pro
1175 3244 1232 3272 Re·
1276 3247 1301 3282 ᾖ,

505 3285 710 3321 demptionibus
725 3285 895 3323 colligendis.
1195 3292 1230 3317 79
1271 3313 1279 3323 .

469 3324 521 3351 Pm
537 3323 649 3351 Thorna
666 3325 777 3360 Martyn
801 3322 964 3361 Capellano,
983 3322 1016 3350 de
1042 3320 1233 3386 Conceffionge.

1216 3370 1232 3386 0

471 3400 513 3427 De
528 3400 659 3428 Custodia
675 3398 753 3428 villae
768 3397 866 3427 Calefii
882 3400 910 3427 &
927 3398 1022 3426 Turris
1044 3397 1076 3425 de
1098 3397 1233 3434 Rysbank
1270 3394 1290 3432 ζ’

506 3439 640 3466 concessa.
1197 3435 1229 3462 81

472 3477 513 3504 De
542 3476 665 3504 Navibus
696 3476 856 3504 arrestandis
887 3484 937 3511 pro
959 3473 1039 3501 certis
1059 3473 1180 3501 Personis
1204 3474 1232 3500 in

508 3515 703 3543 Ambassiatam
721 3513 811 3543 versus
827 3521 915 3552 partes
930 3512 1031 3540 Pruciae
1054 3511 1232 3549 profecturis.
1271 3515 1280 3525 ‘

474 3589 516 3616 De
539 3591 690 3619 Conduetu
716 3601 765 3629 pro
797 3588 1046 3627 Redemptionibus
1073 3549 1235 3652 quaerendEsz.

473 3666 517 3693 De
533 3666 658 3695 Monstro
671 3668 815 3705 capiendo.
1197 3635 1234 3699 8}
1272 3674 1280 3682 ‘

475 3704 517 3730 De
531 3704 722 3733 Conduffibus
738 3717 788 3744 pro
803 3705 958 3734 Prisonariis
974 3703 1129 3732 Britanniae.
1197 3701 1233 3737 85
1278 3689 1311 3736 (1(

475 3743 517 3769 De
543 3740 627 3768 libero
654 3745 775 3781 Paffagio
799 3754 848 3782 pro
864 3742 1017 3771 Domicella
1032 3740 1151 3769 Duciffae
1167 3740 1234 3767 Bur·
1278 3741 1312 3778 <⁴¹3

549 3780 618 3808 ndiae
632 3782 768 3810 concesso.
1197 3778 1233 3805 86
1277 3780 1312 3818 ἐξ

475 3819 528 3846 Pro
552 3816 698 3845 Willielmo
722 3820 754 3846 de
768 3820 884 3849 Deserto
900 3818 1064 3857 alienigena,
1084 3817 1117 3846 de
1133 3817 1232 3845 Licen-
1278 3821 1302 3858 ζ

511 3857 547 3884 tia
560 3856 715 3893 acceptandi
732 3858 863 3886 Beneficia
873 3880 880 3890 ,
901 3861 957 3887 &c.
1198 3854 1232 3889 87
1278 3859 1303 3882 λ’

473 3895 515 3922 De
533 3895 731 3923 Pardonatione
748 3896 911 3932 Praeposito,
933 3897 988 3926 δίε.
1008 3894 1126 3933 Couegii
1148 3892 1234 3958 Re&
1272 3888 1312 3923 ,ἶ

510 3933 668 3971 cantebrig.
682 3933 815 3961 conceffa.

1364 1095 1432 1124 ¹451
1464 1088 1595 1123 29ch.6.

1609 73 2015 119 INDEX

1627 237 1680 264 Pro
1704 236 1819 264 Comite
1840 237 2002 266 Warrewic.
2019 238 2053 267 de
2073 237 2203 267 Concess'.
2224 237 2390 268 Confirmat.

1628 314 1669 341 De
1685 315 1794 341 statuto
1806 320 1900 341 contra
1918 312 2146 347 Interfestiones,
2165 315 2297 344 Roberias
2307 337 2315 348 ,
2336 277 2392 345 ὅῗὲ.

1663 350 1868 389 proclamando.
2348 363 2387 389 90

1627 390 1669 417 De
1700 390 1821 418 Licentia
1850 390 2037 428 peregrinandi
2067 390 2152 428 petita
2176 401 2223 429 per
2248 393 2386 431 Jacobum

1663 426 1791 457 Blondell.
1810 430 1926 456 Avenar.
1947 429 2074 466 Reginae.
2348 441 2383 467 9¹

1626 467 1679 494 Pro
1703 468 1817 504 Rogero
1840 469 2017 505 Donyngton
2036 469 2063 496 &
2084 466 2165 495 Elena
2185 467 2250 496 Filia
2278 470 2388 499 Ricardi

1663 504 1695 532 de
1713 506 1836 542 Witmay
1852 505 2068 543 Dispensationis
2087 506 2284 535 Confirmatio.
2348 518 2385 544 92

1626 543 1677 570 Pro
1695 543 1809 571 Comite
1826 542 1956 580 Salopiae,
1973 545 2005 572 de
2021 543 2209 572 Relaxatione.
2348 557 2384 584 93

1624 582 1666 609 De
1682 580 1807 609 Generali
1825 583 1974 610 Condudffl
1989 592 2037 619 pro
2050 581 2183 621 aliquibus
2194 582 2317 612 Personis
2328 586 2385 613 An·

1661 619 1722 657 gliae
1739 619 1779 647 vel
1795 621 1894 647 Scotiae
1912 622 1945 649 ad
1961 620 2059 648 Causas
2073 621 2251 660 prosequend.
2270 622 2335 651 hinc
2357 626 2386 653 δι

1661 659 1722 686 inde
1739 658 1915 696 profesturis.
2349 671 2388 699 94

1624 696 1678 724 Pro
1704 697 1828 725 Roberto
1852 696 1941 725 Botill.
1960 697 2052 725 Priore
2075 697 2169 724 Sanffi
2185 698 2318 734 Johannis
2336 700 2385 737 Je-

1661 733 1772 763 rusalem
1783 756 1791 768 ‚
1810 735 1843 763 de
1858 736 1982 763 Denariis
1997 735 2092 764 debitis
2108 745 2158 773 pro
2175 738 2338 766 Ambaffiata
2351 740 2384 768 ad

1662 775 1769 811 Regem
1788 774 1915 802 Franciae.
2346 786 2386 812 95

1623 812 1665 840 De
1683 812 1822 840 Artillariis
1837 822 1882 850 per
1900 812 2044 840 Thomam
2063 811 2179 851 Vaghan
2194 812 2319 851 provifis.
2346 817 2385 850 96

1625 850 1665 877 De
1683 851 1852 879 Arraiatione
1869 850 1999 880 facienda.
2347 862 2383 889 97

1623 889 1665 916 De
1682 890 1879 919 Pardonatione
1895 900 1944 928 pro
1959 889 2088 928 johanne
2105 891 2261 928 Mortymer
2277 893 2305 920 δε
2318 889 2389 958 1111158.

2350 939 2366 964 9

1886 1008 1940 1035 An.
1957 1016 2002 1042 ²9-
2017 1008 2091 1035 Hen.
2105 1008 2134 1034 6.

1621 1084 1664 1110 De
1680 1083 1830 1111 Condufflzu
1847 1093 1897 1121 pro
1911 1083 2000 1112 David
2018 1085 2082 1121 Hay
2097 1084 2130 1112 de
2148 1084 2249 1111 Scotia.
2349 1093 2388 1119 99

1622 1121 1784 1156 Ejusmodi,
1805 1132 1856 1159 pro
1878 1121 2031 1150 Alexandro
2058 1124 2090 1150 de
2114 1123 2191 1150 Narn
2214 1123 2246 1150 de
2271 1122 2388 1150 Sanford

1659 1160 1686 1187 in
1700 1160 1802 1187 Scotia.
2334 1170 2386 1188 100

1623 1198 1819 1265 PrssoJomnne
1836 1200 1924 1236 Harry
1942 1197 2084 1236 Capellano
2095 1219 2103 1231 ,
2120 1199 2153 1226 de
2170 1208 2227 1226 non
2242 1198 2390 1266 molestlagil-

1621 1275 1674 1302 Pro
1700 1275 1829 1303 Domino
1856 1274 2044 1312 Beauchmp,
2062 1255 2235 1304 de-Denariis
2251 1275 2387 1305 solvendis

1659 1323 1709 1350 pro
1728 1314 1923 1351 Eskippatione
1947 1314 2107 1342 Hominum
2133 1315 2166 1342 ad
2189 1316 2272 1343 Arma
2295 1315 2386 1344 versus

1660 1351 1808 1380 Calefium.
2333 1363 2383 1381 102

1622 1391 1665 1418 De
1682 1391 1846 1435 inquirendo
1859 1390 1937 1429 super
1953 1390 2157 1419 Proditionibus
2172 1391 2200 1418 in
2215 1392 2301 1421 Com.
2311 1393 2386 1420 Can-

1659 1429 1757 1467 tebrtg.
1775 1429 1941 1467 perpetratis.
2331 1440 2381 1467 103

1623 1467 1767 1503 Ejusmodi
1786 1468 1814 1496 in
1831 1469 1953 1496 Civitate
1971 1468 2101 1497 London.
2333 1479 2390 1506 ¹⁰4·

1622 1508 1663 1534 De
1679 1507 1812 1534 Potestate
1827 1507 1976 1535 advocandi
2003 1509 2030 1536 &
2055 1506 2201 1544 castigandi
2226 1507 2254 1534 in
2280 1508 2386 1535 Conn-

1659 1551 1705 1573 tat.
1735 1544 1840 1573 Wiltes.
1865 1547 1892 1574 δε
1913 1546 2048 1573 Comitat.
2066 1545 2246 1581 adjacentibus
2265 1555 2314 1583 pro
2335 1545 2387 1574 illi-

1659 1584 1720 1612 citis
1735 1583 2004 1622 Congregationibus
2015 1605 2023 1616 ,
2042 1583 2311 1622 Depraedationibus,
2330 1587 2387 1614 &c-

2332 1633 2364 1651 1ο

1623 1661 1664 1688 De
1681 1661 1849 1689 Arraiatione
1862 1660 1997 1689 facienda.
2331 1633 2386 1689 1οέ

1623 1700 1664 1727 De
1681 1701 1805 1728 Denariis
1821 1700 1892 1737 Regi
1910 1698 2039 1728 mutuatis
2057 1708 2102 1736 per
2122 1699 2263 1727 Duciss‘am
2281 1699 2384 1728 Suffol-

1655 1738 1706 1766 ciae
1725 1739 1755 1766 ad
1773 1740 1916 1766 Armatam
1934 1737 2023 1767 versus
2040 1737 2204 1766 Vasconiam
2222 1741 2249 1767 &
2265 1739 2383 1776 Aquita—

1656 1777 1729 1804 niam
1747 1775 1993 1805 transmittendam.
2329 1787 2379 1813 107

1621 1816 1663 1842 De
1677 1814 1869 1852 proclamando
1883 1822 1979 1843 contra
2003 1814 2115 1848 Rimas,
2136 1815 2261 1847 Routas,
2284 1816 2338 1844 ἃς.
2355 1819 2384 1846 δε

1657 1853 1882 1881 contrariantibus
1899 1853 2063 1881 arrestandis.
2337 1855 2391 1883 108

1621 1892 1663 1919 De
1682 1890 1805 1918 Navibus
1821 1890 1977 1918 arrestandis
1991 1899 2040 1927 pro
2059 1890 2180 1928 Paffagio
2197 1891 2306 1920 Ricardi
2317 1895 2386 1931 wy-

1656 1928 1752 1957 deville
1768 1927 1906 1956 Senescalli
1926 1928 2047 1956 Ducatfis
2063 1928 2226 1966 Aquitaniae.
2333 1940 2389 1967 ¹09

1622 1969 1709 2005 Super
1727 1966 1928 2006 depraedatione
1946 1966 2069 1996 Navium
2085 1965 2234 1996 Hollandiae
2251 1969 2279 1997 δε
2294 1968 2386 1998 Selan-

1656 2006 1726 2038 diae,
1745 2006 1776 2033 de
1794 2005 1969 2044 inquirendo.
2331 2017 2385 2036 no

1622 2046 1663 2073 De
1679 2044 1842 2082 inquirendo
1858 2043 1937 2082 super
1950 2042 2073 2080 Qerelis
2094 2042 2278 2074 Soldariorum
2303 2046 2386 2075 Fran-

1654 2083 1704 2111 ciae
1721 2086 1748 2112 &
1767 2083 1948 2118 Normanniae
1961 2090 2058 2111 contra
2075 2082 2218 2111 Thomam
2237 2085 2303 2112 Hoo
2326 2085 2382 2112 Mi-

1657 2121 1733 2164 litem
1758 2131 1808 2160 pro
1834 2121 1987 2150 Vadiorum
2007 2124 2035 2151 δι
2058 2121 2264 2160 stipendiorum
2289 2123 2383 2151 deten-

1619 2168 1805 2227 Denliltiiiribus
1819 2198 1976 2227 arrestandis
1990 2207 2041 2237 pro
2066 2198 2187 2237 Paffagio
2210 2171 2340 2227 Domini¹
2351 2171 2387 2229 ἑὲ

1620 2239 1814 2314 DeRffigissiris
1833 2278 1861 2305 &
1878 2275 2027 2305 Marinariis
2044 2276 2167 2304 Navium
2191 2285 2239 2313 pro
2261 2247 2386 2314 Paffalgig

1657 2315 1774 2343 Domini
1790 2316 1821 2342 de
1837 2316 1943 2352 Ryvers
1957 2316 2083 2347 retentis,
2103 2316 2134 2342 ad
2150 2314 2237 2351 aliqua
2254 2314 2305 2343 alia
2321 2317 2381 2344 Ne-

1655 2354 1732 2392 gotia
1747 2352 1908 2391 perficienda
1925 2353 1951 2381 se
1964 2353 2096 2382 divertere
2110 2363 2166 2382 non
2186 2353 2386 2390 permittendo.

2330 2402 2339 2419 1
2351 2403 2358 2420 Ι

1619 2432 1673 2460 Pro
1691 2430 1829 2470 Episcopo
1847 2429 1966 2459 Bathon.
1985 2431 2013 2458 ὃς
2039 2427 2153 2457 Wellen.
2168 2429 2201 2457 de
2224 2403 2381 2459 Confirma}

1655 2477 1742 2499 tione.
2327 2479 2336 2496 1
2346 2480 2380 2506 ¹4

1618 2510 1661 2537 De
1679 2509 1804 2537 Monstro
1820 2508 1965 2546 capiendo.
2007 2511 2015 2527 s
2330 2517 2383 2545 ¹¹5

1619 2549 1661 2576 De
1676 2547 1799 2575 Denariis
1815 2546 1951 2575 solvendis
1971 2545 2106 2584 Magistris
2123 2545 2248 2574 Navium
2261 2556 2312 2583 pro
2326 2554 2381 2574 tra-

1651 2586 1782 2615 ductione
1798 2586 1917 2614 Domini
1937 2587 2054 2622 RyverS.
2329 2586 2383 2613 116

1619 2626 1661 2653 De
1675 2625 1844 2653 Arraiatione
1859 2623 1990 2651 facienda.
2330 2633 2341 2651 1
2350 2632 2381 2658 17

1619 2665 1661 2691 De
1678 2663 1804 2691 Monstro
1819 2662 2018 2701 supervidendo
2032 2661 2199 2690 Retinentiae
2215 2661 2332 2690 Domini
2348 2661 2383 2690 de

1653 2703 1678 2729 R
1703 2711 1771 2730 vers.
2329 2700 2380 2729 118

1618 2741 1660 2767 De
1678 2712 1815 2778 focalibus
1829 2738 2056 2776 impignomndis.
2328 2747 2382 2773 ¹¹9

1618 2779 1660 2805 De
1677 2779 1801 2807 Navibus
1816 2777 1971 2806 attestandis
1987 2786 2039 2814 pro
2056 2776 2178 2815 Paffagio
2193 2775 2329 2814 johannis
2345 2777 2381 2805 de

1655 2816 1773 2854 Asteley.
2328 2824 2381 2842 120

1616 2853 1771 2890 Ejusmodi.
2326 2862 2376 2881 121

1618 2894 1659 2921 De
1685 2893 1876 2921 Gubernatore
1900 2890 2080 2920 Mineriarum
2105 2892 2191 2930 Regis
2207 2891 2236 2920 in
2252 2892 2379 2921 Devonia

1653 2933 1680 2961 δε
1699 2931 1842 2959 cornubia
1856 2931 2053 2967 appunCtuatO.
2327 2939 2380 2958 ιιι

1618 2971 1660 2997 De
1678 2970 1804 2998 Monstro
1818 2969 1960 3006 capiendo.
2326 2977 2376 3006 1²3

1616 3009 1669 3036 Pro
1695 3010 1776 3036 Petro
1797 3008 1829 3035 de
1854 3006 2029 3034 Montferant
2051 3005 2169 3036 Soldano
2189 3007 2221 3035 de
2241 3005 2263 3035 la
2285 3007 2375 3039 Trau.

1652 3047 1686 3074 de
1711 3045 1844 3074 Custodia
1867 3043 2035 3073 Castellaniae
2058 3047 2086 3074 δι
2109 3045 2195 3073 Castri
2213 3045 2246 3072 de
2268 3046 2380 3083 Aquen.

1617 3123 1670 3150 Pro
1685 3122 1813 3150 Domino
1829 3122 1861 3150 de
1875 3122 2000 3158 Ryvers,
2020 3121 2053 3149 de
2074 3120 2255 3149 Conceffioue
2273 3091 2382 3154 Casii-zi}⁵

1652 3159 1731 3189 Villae
1747 3163 1774 3190 δε
1792 3160 1921 3188 Dominii
1937 3161 1970 3188 de
1987 3158 2086 3188 Blania.
2323 3168 2377 3195 125

1616 3201 1668 3228 Pro
1705 3198 1824 3227 Waltero
1855 3197 1991 3235 Fulnetby
2024 3197 2241 3226 Comendarium
2262 3197 2378 3226 Ordinis

1653 3238 1745 3266 Sansti
1759 3237 1894 3274 Johannis
1911 3234 2062 3274 Jerusalem
2078 3237 2105 3264 in
2122 3233 2259 3273 Burdegal.
2274 3237 2379 3264 consti-

1618 3283 1835 3342 DgugonduQu
1858 3322 1908 3352 pro
1932 3310 2179 3350 Redemptionibus
2197 3276 2381 3350 adquirendi?

1617 3392 1668 3418 Pro
1683 3391 1802 3418 Gastone
1817 3390 1850 3418 de
1866 3391 1936 3418 Foix
1951 3388 2065 3416 Comite
2087 3388 2121 3416 de
2147 3360 2376 3426 Longuevillelisi

1651 3429 1777 3466 Johanne
1794 3428 1862 3456 Filio
1879 3428 1936 3462 ejus
1952 3427 2066 3455 Comite
2090 3427 2123 3455 de
2144 3426 2280 3459 Kendale‚
2301 3427 2378 3465 quod

1652 3468 1753 3504 possint
1768 3475 1858 3494 tenere
1877 3464 2051 3493 Poffeffiones
2065 3465 2138 3495 suu,
2162 3467 2216 3494 &c.
2324 3466 2376 3493 128

1616 3508 1660 3535 De
1682 3507 1762 3533 Petro
1778 3505 1882 3532 Dur-ant
1899 3503 2046 3542 Praeposito
2070 3504 2104 3531 de
2124 3503 2251 3531 Lomiers
2274 3504 2377 3531 consti-

1654 3549 1726 3571 tuto.
2324 3551 2377 3578 ¹²⁹

1618 3583 1672 3609 Pro
1690 3579 1854 3607 Baudimoto
1871 3580 1904 3608 de
1919 3579 2039 3613 Gaffies,
2059 3579 2092 3609 de
2108 3577 2292 3607 Conceffione
2314 3580 2379 3608 Do·

1654 3618 1734 3646 minii
1749 3619 1781 3645 de
1803 3617 1951 3646 Noalham.
2325 3627 2378 3654 130

1617 3657 1659 3683 De
1674 3657 1815 3685 tractando
1828 3657 1906 3694 super
1922 3655 2132 3684 Reformatione
2140 3656 2379 3693 Attemptatorum

1651 3701 1745 3722 contra
1766 3697 1889 3732 Treugas
1905 3694 2078 3732 Burgundiae.
2326 3703 2376 3730 ¹3¹

1616 3734 1699 3769 Super
1725 3733 1920 3760 Interfeffione
1943 3732 2078 3770 johannis
2103 3728 2225 3759 Vanholt
2248 3731 2277 3759 &
2303 3732 2379 3760 Sam.

1653 3771 1756 3802 Vasto,
1774 3771 1805 3798 de
1823 3771 1998 3808 inquirendo.
2324 3779 2376 3807 132

1615 3810 1656 3836 De
1672 3809 1846 3837 Proteetione
1863 3812 1890 3837 &
1908 3808 2031 3836 Generali
2048 3809 2207 3836 Attornatu.
2323 3816 2375 3845 ¹33

1616 3849 1658 3875 De
1688 3847 1808 3874 Licentia
1839 3847 2036 3884 peregrinantes
2067 3844 2256 3872 transfretandi
2286 3846 2378 3874 versus

1657 3886 1790 3913 Sanctum
1805 3884 1948 3922 Jacobum
1966 3885 1994 3911 in
2011 3881 2127 3911 Galicia.
2326 3893 2380 3921 ¹34

1618 3924 1660 3951 De
1681 3923 1804 3953 Licentia
1820 3922 1989 3953 concedendi
2004 3920 2090 3949 salvos
2112 3920 2287 3950 Conduecus.
2327 3930 2380 3987 113),-

2367 3968 2388 3986 β
