2561 4263
118 2933 213 2964 *De

90 2978 132 3017 Di

136 2982 177 3002 nt-

178 133 206 172 4

193 205 385 241 nevolentiae,
413 202 432 233 si
448 213 500 239 ea,
525 199 585 230 ullo
605 195 714 231 modo,
738 191 835 228 augeri
853 188 948 227 potest
962 210 971 225 ,
994 184 1050 216 hac
1071 181 1160 229 vestra
1169 191 1253 227 com·

189 243 394 281 mendatione,
407 250 501 272 novus
516 238 599 267 etiam
615 233 745 265 cumulus
758 228 900 271 accedat..
924 225 1004 256 Deus
1012 225 1149 269 Optitnus
1158 221 1255 265 Maiu-

189 293 255 313 mus
272 282 477 313 Excellentiam
492 274 623 307 Vestram
640 272 694 302 una
707 279 777 300 cum
799 263 987 297 niustnffima
1008 262 1099 293 vestra
1118 261 1257 298 ConJuge

191 321 348 392 diugffiipe
367 320 455 349 servet
471 314 657 346 incolumem.
696 308 740 340 Ex
754 305 850 345 Regia
864 302 962 335 nostra
976 325 986 342 ,
999 301 1074 340 apud
1091 300 1131 330 D.
1143 298 1261 338 Jacobi,

197 367 217 400 4
264 370 306 398 pri
318 369 340 389 is
358 365 442 396 1554.

800 419 902 452 Vestra
919 417 1138 457 Consanguinea

1081 493 1245 524 MAiuA.

426 632 527 677 Cosmo
553 627 710 669 Medices,
735 628 822 660 Duci
843 623 1011 657 Florentia.

261 723 364 754 Uanto
385 718 480 749 studio
505 719 537 749 ὃ(
554 710 754 745 benevolentia
775 711 904 748 semper,
924 706 1127 739 Illustriffimos
1151 703 1265 744 Angliae

290 761 408 797 Reges,
435 756 598 788 Henricum
625 752 741 783 Patrem
762 748 911 786 nostrum,
944 749 977 779 ὅτ
998 746 1122 777 Fratrem
1142 743 1197 774 Ed.
1215 753 1265 773 ve—

197 805 251 835 stra
270 798 444 831 Excellentia
460 794 605 832 prosecuta
621 793 670 829 iit,
697 799 731 820 ex
746 787 889 825 frequenti
908 787 1016 817 horum
1039 784 1191 820 sermone,
1214 782 1265 813 sae-

195 846 233 882 pe
251 839 405 875 libentique
424 836 522 864 {inimo
545 832 716 868 accepimus.
755 827 844 857 Hanc
867 826 935 856 tanti
961 825 1099 862 Principis
1123 831 1182 852 tam
1208 821 1266 850 exi-

195 882 286 912 miam
309 877 510 910 voluntatem,
535 871 619 901 nobis
645 870 732 899 etiam
757 876 818 897 non
843 865 1037 895 conservatam
1060 862 1150 892 solum
1176 860 1266 890 veteri

705 905 762 936 effe
774 914 861 935 novo
877 903 1002 942 quodam
1018 900 1155 937 cumulo,
1173 907 1206 929 ex
1223 899 1267 935 ip-

196 959 228 990 sis
243 954 346 988 vestrae
362 952 549 984 Excellentiae
564 948 675 979 Litteris
692 946 729 975 V.
744 944 810 975 Idus
831 942 900 973 Feb.
920 942 1008 979 datis,
1027 938 1151 970 maxima
1169 936 1266 967 nostra

198 1005 269 1028 cum
289 994 436 1031 voluptate
453 990 644 1019 intelliximus.
683 983 716 1015 lri
740 984 843 1021 quibus
871 981 997 1016 Litteris,
1018 979 1131 1017 insignis
1150 977 1215 1007 sarie
1237 985 1266 1005 a-

201 1035 291 1067 moris
305 1032 414 1068 senius,
434 1028 600 1068 illustrisque
617 1032 683 1063 erga
700 1033 752 1053 nos
766 1020 952 1052 observantiae
973 1018 1085 1055 cultus,
1106 1016 1199 1047 multis
1217 1024 1267 1044 va-

201 1076 302 1112 riisque
329 1070 422 1101 modis
442 1067 544 1098 existit.
585 1064 681 1095 Nullo
704 1063 783 1092 enim
805 1069 860 1090 nec
880 1058 973 1096 optati
990 1056 1090 1095 studii,
1123 1065 1177 1086 nec
1192 1054 1267 1094 grati

200 1112 295 1144 officii
312 1111 384 1141 ratio
401 1108 541 1147 praeterita
558 1104 617 1140 est,
636 1111 700 1140 quae
715 1111 774 1130 nori
798 1101 826 1129 iii
849 1097 906 1127 illas
934 1096 1056 1127 Litteras
1083 1091 1269 1126 cumulatissi-

199 1153 250 1183 me
267 1147 420 1189 congesta,
438 1148 471 1177 ὃς
487 1142 678 1175 amantissime
693 1137 816 1177 expiessa
831 1136 892 1167 fuit.
908 1136 1039 1166 Primum
1053 1134 1110 1173 ipsa
1126 1132 1269 1163 vestraso-

197 1189 320 1223 licitudo
347 1187 383 1217 de
402 1186 540 1222 superiore
562 1183 607 1212 illa
626 1187 794 1218 temporum
817 1175 981 1205 nostrorum
1001 1173 1188 1209 difficultate,
1209 1180 1269 1200 non

201 1229 300 1261 miritis
314 1226 396 1258 nobis
411 1225 464 1254 fuit
480 1231 572 1261 grata,
592 1220 679 1257 quiim
698 1218 763 1248 haec
780 1215 899 1254 praesens
920 1214 953 1245 &
976 1221 1141 1249 opportuna
1166 1209 1269 1240 Excel-

201 1269 296 1300 lentiae
313 1264 413 1296 vestrae
427 1263 462 1293 de
475 1260 603 1299 praeseriti
619 1258 691 1288 statu
707 1255 808 1287 nostro
824 1262 902 1284 nunc
920 1252 1023 1281 melius
1038 1250 1198 1281 constituto
1206 1255 1269 1287 gra-

194 927 265 951 cum
283 913 463 948 constantia,
479 911 524 942 sed
540 909 689 940 exaudiam

202 1307 321 1342 tulatio,
338 1302 463 1342 jucunda
478 1300 561 1330 nobis
576 1297 616 1328 est
632 1298 665 1328 ὃ(
683 1303 836 1334 peroptata.
876 1292 969 1328 Atque
982 1299 1012 1320 ut
1031 1299 1109 1319 certa
1124 1289 1156 1318 ὅ(
1171 1287 1271 1324 explo-
1296 1316 1299 1320 ,

204 1355 261 1378 rata
277 1345 349 1374 ratio
364 1341 446 1380 liujus
461 1345 682 1379 peropportuna:
696 1331 887 1374 gratulationis
911 1338 968 1359 tuae
983 1329 1037 1359 tibi
1050 1329 1136 1358 etiam
1146 1325 1272 1361 constet,

204 1395 266 1416 nori
280 1383 426 1423 potuimus
437 1378 638 1411 committere,
660 1376 730 1411 quin
745 1369 928 1402 Excellentiae
945 1367 1045 1397 vestrae
1068 1376 1117 1405 per
1141 1366 1191 1396 has
1210 1364 1271 1394 Lit-

203 1434 273 1455 teras
294 1420 401 1452 nostras
423 1415 641 1458 significaremus
659 1435 668 1450 ,
693 1419 832 1450 quantum
849 1407 918 1438 Nos
942 1408 1058 1437 summo
1077 1402 1271 1445 benignissimi

205 1463 265 1494 Dei
279 1460 391 1492 numini
409 1457 547 1487 debemus
558 1476 568 1491 ,
584 1453 664 1490 cujus
676 1451 778 1487 solius,
797 1458 858 1478 non
874 1447 1026 1477 communi
1043 1445 1134 1482 aliqua
1148 1453 1217 1480 ope,
1225 1441 1270 1472 sed

206 1501 335 1541 singulari
350 1496 475 1536 quodam
495 1502 583 1530 nutu,
603 1492 644 1521 bis
659 1490 717 1520 hoc
733 1488 840 1525 Anno,
858 1493 1004 1516 certorum
1025 1483 1182 1523 hominum
1200 1490 1272 1519 quos

208 1540 322 1571 Natura
336 1543 480 1577 pepererat
495 1532 529 1562 ad
544 1530 712 1565 libidinem,
731 1526 822 1557 libido
836 1531 994 1555 exercuerat
1016 1522 1050 1553 ad
1076 1521 1272 1558 impietatem,

209 1580 243 1610 δε
268 1577 395 1608 scelerata
418 1573 576 1604 deteximus
597 1568 730 1607 contilia,
756 1566 789 1596 <Sc
812 1562 913 1594 furiosa
927 1561 1084 1593 retudimus
1099 1568 1196 1591 arma:
1223 1559 1272 1590 Ut

206 1618 288 1655 cujus
303 1614 429 1654 singulari
444 1610 568 1648 auspicio
584 1608 618 1637 ad
636 1606 773 1645 Regnum
788 1603 917 1632 nostrum
938 1600 1122 1636 accessimus,
1147 1598 1220 1629 illius
1243 1608 1274 1627 u-

206 1658 269 1688 nius
287 1655 374 1685 due-”tu
396 1660 482 1689 atque
506 1647 654 1688 praesidio,
680 1647 754 1674 lianc
779 1641 867 1671 nostri
891 1640 1005 1678 Imperii
1028 1638 1133 1669 Sedem
1156 1636 1274 1667 tenuisse

208 1697 241 1727 &
259 1690 424 1734 gubernasse
444 1688 601 1719 videamur.
640 1683 749 1714 Omnia
771 1681 848 1711 enim
863 1680 938 1717 jam,
959 1677 1019 1707 Dei
1040 1675 1275 1715 benignitate,ita

210 1742 310 1773 pacata
325 1730 535 1765 constitutaque
548 1724 628 1760 sunt,
646 1732 675 1752 iit
692 1727 808 1751 remoto
819 1719 879 1757 jam
892 1718 974 1747 omni
991 1715 1108 1753 periculi
1124 1715 1195 1745 cum
1215 1723 1275 1744 me-

210 1772 318 1803 tutum
335 1770 503 1807 suspicione,
533 1764 671 1802 insignem
694 1758 819 1789 florentis
842 1756 957 1794 Imperii
982 1755 1109 1785 fructum
1145 1753 1279 1790 deinceps

211 1812 400 1848 expediemus.
439 1805 535 1841 ltaque
551 1802 596 1831 illa
613 1801 784 1830 Litterarum
809 1805 920 1826 tuarum
940 1805 1019 1832 pars,
1040 1795 1068 1823 in
1091 1803 1147 1831 qua
1169 1801 1278 1829 magno

212 1849 362 1889 applausu,
381 1844 522 1884 gratularis
535 1840 617 1870 nobis
632 1838 736 1876 nuptiis
753 1835 822 1873 illis,
839 1844 909 1865 curii
928 1835 999 1864 tanti
1017 1832 1106 1863 Patris
1128 1840 1208 1861 tanto
1231 1830 1252 1860 F
1256 1831 1277 1859 i-

212 1891 251 1920 lio
267 1883 494 1923 coniungendaS,
516 1881 548 1911 St
564 1887 638 1918 grata
654 1877 706 1907 fuit
722 1883 838 1913 propter
852 1873 992 1912 judicium
1010 1872 1080 1902 tanti
1096 1869 1279 1907 Principis&

211 1926 337 1968 jucunda
359 1924 443 1954 etiam
467 1927 583 1958 propter
606 1915 854 1955 opportunitatem
876 1913 958 1950 hujus
988 1910 1143 1947 temporo,
1169 1909 1198 1938 in
1241 1918 1279 1938 uo

214 1966 310 1996 omnia
326 1963 361 1993 ad
376 1959 581 2000 optatissiiiiani
598 1957 678 1985 istaiii
696 1952 933 1990 conjunctionem
955 1949 1077 1980 mirifice
1090 1918 1282 1985 divinitusiiue

214 2004 374 2041 conspirare
387 2000 544 2030 videantur.
593 1994 642 2025 De
658 1993 726 2023 Fide
742 1991 788 2021 illa
808 1990 855 2021 tua
876 1989 1005 2028 singulari
1020 2010 1030 2026 ,
1066 1986 1122 2025 qua
1146 1985 1284 2016 Caesareae

216 2042 372 2082 Maiestatis
388 2046 477 2077 partes
492 2032 717 2067 constantissime
734 2030 846 2060 secutus
859 2038 906 2066 eS,
930 2030 962 2058 ὃς
986 2027 1058 2065 saepe
1076 2025 1278 2063 multumque,

213 2093 247 2114 ex
271 2081 431 2112 multorum
454 2076 610 2106 hominum
628 2071 757 2102 sermone
773 2091 783 2107 ,
810 2069 877 2099 licto
900 2068 998 2097 animo
1019 2065 1193 2102 accepimus.
1240 2062 1285 2094 Ex

215 2122 280 2161 ipsis
302 2128 373 2151 vero
390 2115 503 2148 Litteris
520 2115 590 2152 tuis,
609 2121 668 2142 tam
681 2109 850 2149 explicatam
868 2106 990 2144 ejusdem
1007 2105 1040 2137 &
1055 2102 1190 2134 illustrem
1207 2101 1283 2133 testi-

215 2161 381 2192 ficationem
409 2152 562 2189 audivisse,
588 2147 741 2182 certissima
761 2157 813 2176 nos
841 2146 987 2183 voluptate
1011 2142 1145 2182 perfudit.
1182 2141 1284 2180 Quam

216 2199 343 2232 nostram
367 2195 514 2229 laetitiam,
537 2200 597 2221 non
619 2189 652 2219 iis
676 2186 787 2217 Litteris
816 2183 910 2214 solum
939 2193 1018 2214 nunc
1044 2180 1219 2222 significare,
1243 2179 1289 2210 sed

218 2237 321 2270 nostris
337 2235 471 2270 deinceps
484 2229 588 2260 officiis
603 2226 797 2265 repraesentate
814 2222 1023 2259 laborabimus,
1043 2230 1074 2251 ut
1097 2220 1220 2251 minime
1238 2219 1290 2249 du-

216 2276 310 2307 bitare
322 2273 426 2304 debeas
439 2295 448 2310 ,
464 2279 523 2308 quo
539 2268 635 2297 animo
651 2274 725 2302 tuas,
739 2265 771 2294 ὃς
789 2261 962 2300 perlegimus
977 2260 1120 2295 Litteras,
1147 2259 1180 2290 &
1205 2267 1289 2288 acce-

218 2318 315 2354 pimus
331 2310 530 2351 gratulationes
546 2316 552 2335 :
586 2305 623 2335 Et
640 2313 726 2342 quam
744 2303 865 2332 libenter
889 2300 976 2330 etiam
1001 2300 1031 2329 iri
1049 2297 1196 2336 posterum
1207 2319 1216 2335 ,
1238 2306 1292 2327 nos

220 2354 320 2383 omnia
341 2353 414 2381 inter
434 2358 488 2378 nos
511 2343 738 2378 benevolentiae,
763 2338 989 2376 necessitudinis,
1021 2338 1054 2369 &
1078 2335 1293 2374 propinquitatis

222 2390 337 2423 vincula
351 2389 515 2423 tuebimur,
540 2381 746 2420 arctissimeque
764 2377 1008 2421 confirmabimus.
1045 2375 1147 2413 Deus,
1163 2375 1225 2407 διε.
1246 2372 1291 2404 Ex

222 2429 263 2461 R.
280 2428 376 2461 nostra
390 2425 463 2466 apud
479 2421 691 2463 D-Jacobum,
711 2427 728 2455 7
750 2417 853 2455 Aprilis
874 2425 957 2454 ¹554-

837 2491 941 2525 Vestra
959 2491 1181 2531 Consanguinea

1083 2567 1252 2598 Mania.

640 2715 715 2760 Regi
742 2711 878 2744 Poloniae.

234 2807 344 2872 MA
359 2816 381 2837 n
395 2816 406 2836 i
419 2815 435 2835 A
448 2827 456 2841 ,
476 2805 539 2835 ἃς.
578 2796 759 2839 Sigismundo
769 2793 988 2836 August0‚&c.
1009 2791 1188 2823 Cuthbertus
1195 2790 1299 2830 Blund,

330 2847 412 2876 Civis
431 2844 464 2874 &
486 2842 636 2872 Mercator
657 2831 1006 2870 Novicastrenlis,fidelis
1023 2831 1172 2868 subjectus
1191 2831 1298 2867 noster,

236 2899 325 2928 nuper
345 2884 419 2922 apud
440 2891 491 2911 nos
510 2880 631 2919 graviter
657 2872 830 2912 conquestus
855 2871 895 2901 est
912 2894 922 2908 ,
959 2870 1008 2912 sibi
1034 2870 1049 2899 {i
1072 2870 1158 2899 certis
1185 2870 1301 2905 quibus-

234 2929 302 2959 dam
330 2923 440 2955 civibus
465 2917 679 2950 Gedanensibus
706 2914 724 2933 ³*
745 2937 755 2949 ,
791 2919 915 2953 quorum
941 2908 1065 2948 plerique
1091 2907 1172 2937 Scoti
1200 2907 1264 2937 sunt
1290 2929 1299 2944 ,

234 2968 393 2999 Actionem
413 2962 553 2990 intentam
572 2956 644 2992 else,
662 2952 783 2984 nomine
804 2949 971 2984 Mercium,
989 2957 1055 2985 quas
1077 2946 1115 2975 illi
1133 2945 1301 2982 aiunt,bel-

233 3008 263 3037 lo
281 3001 429 3041 superiori,
447 2999 520 3028 inter
539 2995 648 3033 Anglos
667 2993 700 3023 ὃς
719 2990 824 3020 Scotos
842 2987 940 3027 geste,
956 2987 995 3016 eis
1013 2994 1120 3024 ereptas
1138 2984 1204 3014 csse.
1223 2984 1301 3014 Haec

235 3045 332 3080 causa,
352 3038 477 3079 primum
497 3037 527 3064 in
549 3033 669 3072 Anglia,
687 3029 761 3067 apud
780 3028 994 3064 Scarburgum,
1019 3026 1056 3055 ita
1075 3024 1220 3060 diligenter
1246 3032 1300 3053 co-

235 3086 331 3122 gnita,
348 3081 381 3111 ἐς
400 3078 450 3107 rite
469 3074 606 3111 explicata
624 3071 694 3107 fuit,
721 3077 751 3098 ut
780 3066 862 3104 plant:
880 3063 1040 3108 constaret,
1065 3062 1110 3092 illa
1130 3063 1184 3097 ipia
1203 3063 1280 3092 bona
1293 3084 1304 3099 ,

236 3133 302 3160 tiu->3
320 3119 382 3149 istic
399 3117 459 3154 jam
479 3120 643 3152 repetuntur
657 3131 665 3146 ,
671 3110 733 3146 jure
752 3114 813 3135 tuin
832 3106 865 3136 &
886 3103 1114 3146 bellicarum&
1132 3101 1187 3130 fori
1205 3110 1304 3137 empta

240 3160 329 3191 fuisse.
348 3155 451 3188 Postea
466 3151 541 3190 apud
561 3151 698 3180 Senatum
717 3142 935 3179 Gedanensem,
953 3140 1039 3171 iidem
1067 3141 1215 3176 homines,
1239 3149 1306 3169 ean-

242 3200 310 3228 dem
330 3196 442 3227 causam
459 3192 556 3221 denuo
575 3190 605 3218 in
625 3183 828 3217 cotroversiam
849 3188 966 3211 vocant.
1005 3178 1082 3217 Qiae
1100 3178 1135 3208 de
1155 3178 1305 3217 integroin

242 3238 295 3274 ipsa
313 3237 382 3266 urbe
401 3227 579 3265 Gedaneiisi,
595 3224 752 3257 secundum
773 3220 968 3264 Cuthbertpm
978 3217 1087 3260 Blund,
1106 3217 1231 3247 secundo
1246 3217 1307 3254 jam

243 3284 371 3312 tempore
389 3269 542 3308 dijudicata
560 3265 610 3296 cst.
648 3264 696 3294 Ab
717 3261 774 3291 liae
793 3262 947 3294 sententia,
968 3257 1011 3285 bis
1030 3256 1088 3285 hoc
1108 3256 1216 3291 niodo,
1229 3255 1308 3286 &ffi-

243 3316 273 3345 te
291 3314 353 3342 aeia
368 3313 401 3343 ὃς
412 3307 488 3347 juste
509 3305 580 3342 lara,
605 3308 784 3342 provocant,
802 3299 842 3328 uti
860 3296 1041 3334 accepimuS,
1063 3294 1150 3323 iidem
1176 3294 1310 3323 homines

247 3352 283 3382 ad
305 3351 340 3379 V.
359 3351 387 3379 ὃ.
418 3347 463 3377 Μ.
491 3345 529 3376 Et
548 3350 711 3381 quanquam
729 3339 792 3367 baec
811 3336 908 3372 causa,
936 3342 981 3364 tot
1000 3333 1117 3371 cognita
1129 3331 1259 3370 judiciis,
1275 3332 1308 3362 &

247 3389 383 3429 explicata
403 3384 569 3419 Sententiis,
586 3381 646 3410 lioc
666 3377 819 3408 hominum
837 3374 916 3403 facto
934 3371 1066 3409 impediri
1081 3380 1140 3402 non
1155 3379 1308 3408 queat,ta-

249 3437 318 3459 men
336 3429 403 3456 cum
423 3424 600 3453 Cuilibertus
626 3416 698 3448 Blud
722 3415 806 3446 nobis
831 3411 982 3449 percharus
1001 3409 1033 3439 sit
1048 3431 1058 3446 ,
1088 3412 1122 3440 &
1141 3417 1256 3446 propter
1274 3407 1310 3438 ἢ-

513 3468 596 3497 atque
612 3456 717 3491 fidem,
738 3453 775 3482 lic
796 3452 878 3482 certis
892 3458 968 3479 nunc
987 3448 1068 3477 rebus
1086 3448 1114 3477 in
1141 3446 1246 3485 Anglia
1262 3455 1312 3485 ge-

703 3492 729 3522 le
744 3492 789 3528 jus
807 3491 905 3523 suum,
923 3488 953 3516 in
970 3494 1030 3516 tam
1048 3485 1209 3524 longinquis
1228 3486 1311 3523 locis,

718 3531 789 3560 illius
803 3526 986 3566 justissimam
1010 3523 1124 3554 causam
1154 3524 1207 3553 tibi
1219 3523 1313 3561 justis-

253 3584 327 3613 simo
347 3576 489 3612 principi,
514 3574 627 3603 Litteris
645 3571 763 3606 nostris,
788 3564 1011 3607 commendare,
1037 3563 1070 3593 &
1086 3570 1202 3598 aequum
1220 3563 1253 3592 &
1267 3562 1313 3599 ju-

254 3621 332 3652 stum
352 3617 428 3654 effe,
446 3612 528 3642 nobis
544 3612 634 3641 visum
651 3609 700 3640 est.
738 3607 852 3644 Itaque,
877 3606 897 3633 ii
921 3603 968 3632 liic
995 3599 1082 3631 fidelis
1098 3599 1234 3629 Subditus
1261 3609 1316 3630 iio-

256 3660 312 3689 stei·
334 3660 363 3688 in
385 3654 440 3686 h'ac
466 3649 546 3681 causa
570 3649 616 3678 sua
630 3671 639 3685 ,
674 3642 919 3686 quemadmodum
938 3640 1014 3678 prius
1028 3639 1090 3682 jure
1115 3638 1148 3668 &
1183 3638 1316 3675 aequitate

254 3699 271 3728 a
289 3697 392 3727 Senatu
410 3686 590 3723 Gedancnsi,
611 3687 647 3716 sic
666 3695 744 3715 nunc
762 3684 849 3713 etiam
876 3679 986 3711 Vesttae
1012 3674 1168 3716 Maiestatis
1188 3676 1315 3706 authori-

255 3744 332 3771 tate,
354 3735 390 3763 ab
414 3727 636 3761 adversariorum
655 3724 759 3760 injuriis
776 3718 963 3755 defendatur,
988 3727 1041 3747 tios
1060 3713 1184 3745 viciffim
1211 3712 1315 3745 nostris

257 3773 364 3805 mutuis
381 3769 486 3800 officiis
501 3763 602 3794 vestrae
615 3761 748 3797 deinceps
765 3758 907 3796 Maiestati
935 3754 1177 3793 respondebimus.
1233 3752 1316 3783 Gau-

258 3809 445 3846 debimusque
462 3804 574 3835 crebras
592 3802 663 3830 inter
682 3808 734 3828 nos
750 3798 911 3828 occasiones
929 3793 1120 3829 intercedere,
1139 3791 1316 3829 quibus,ve-

256 3861 300 3883 tus
325 3849 370 3879 illa
396 3844 547 3878 Amicitia,
573 3841 645 3869 inter
670 3836 801 3866 Poloniae
821 3834 988 3872 Angliaeque
1012 3832 1106 3870 Reges
1131 3829 1317 3860 Sanetiffime

259 3893 369 3926 semper
384 3885 473 3919 culta,
491 3880 574 3911 novis
584 3879 644 3916 jam
659 3874 764 3911 indies,
790 3883 849 3903 non
870 3872 1084 3908 propinquitatis
1105 3868 1199 3899 solum
1215 3869 1317 3898 vincu-

260 3930 292 3959 lis
307 3951 316 3966 ‚
349 3924 395 3955 sed
417 3921 583 3953 officiorum
604 3916 690 3945 etiam
713 3912 832 3941 cumulis
862 3910 895 3940 &
916 3910 1020 3940 arctior
1042 3909 1076 3940 &
1097 3907 1188 3945 major
1209 3906 1318 3939 evadat.

260 3968 359 4003 Deus,
375 3963 438 3995 &o
455 3967 494 3997 27
512 3954 616 3993 Aprilis
629 3952 705 3991 apud
721 3950 763 3981 D.
777 3949 883 3988 Jacob.
901 3956 985 3986 1554.

250 3468 301 3496 lius
320 3464 495 3502 prudentiam
604 3496 612 3499 -
673 3495 677 3499 ἡ

250 3504 344 3536 tendis
364 3504 470 3540 praeiit,
489 3508 518 3528 ut
539 3500 655 3534 praeiens
672 3504 701 3531 ip

251 3541 411 3575 commode
424 3538 495 3566 tueri
514 3546 573 3565 non
591 3533 690 3572 poffit,

796 93 1306 147 EPISTOLAE
1386 88 1776 145 MARIAE,

1638 278 1772 310 Civitati
1793 274 2025 323 Hamburgenst.

1307 358 1515 420 MAgnifiei
1544 361 1669 408 Domini
1677 387 1690 407 :›
1714 361 1797 393 Coss.
1822 360 1963 392 Procons.
1988 360 2154 402 Senatores,
2171 365 2232 397 διε.
2270 365 2373 399 Amici

1338 439 1342 444 Ι
1405 398 1497 430 nostri
1516 400 1696 432 Chariffimi.
1717 400 1845 431 Allatum
1863 400 1906 432 est
1922 401 1956 432 ad
1973 410 2026 431 nos
2035 401 2181 440 Joannem
2201 414 2256 436 van
2272 405 2372 437 Eiffen

1305 437 1414 482 Civem
1424 437 1690 483 Hambiirgensem,
1698 440 1746 478 qui
1757 439 1938 470 inSocietate
1953 438 2070 470 Hanzae
2077 440 2234 474 Teutoniae
2252 444 2310 475 diii·
2322 445 2373 477 hic

1308 476 1434 521 Londini
1452 486 1615 515 negotiatus
1634 478 1688 517 esti,
1696 485 1806 509 certam
1814 479 1945 516 pecuniae
1959 480 2113 518 summam,
2121 480 2157 510 ad
2164 487 2281 513 ceritum
2289 483 2375 516 libras

1308 515 1447 555 Anglicas
1461 539 1471 554 ,
1501 516 1606 560 debere
1626 516 1874 561 Joan.,Donghty
1890 516 1966 547 fideli
1984 517 2099 548 subdito
2118 520 2152 550 ὅ(
2174 518 2305 551 familiari
2313 532 2375 553 «no-

1307 554 1386 599 stro,
1416 564 1469 592 pro
1492 564 1590 599 pannis
1607 553 1776 598 quibusdam
1789 554 1894 594 laneis,
1916 565 1986 594 quos
2001 555 2086 594 Joan.
2100 567 2158 589 van
2176 555 2269 589 Eiffen
2283 560 2321 590 ab
2338 571 2377 592 eo

1308 602 1379 624 emit
1396 602 1478 637 atque
1495 602 1612 632 recepit.
1651 592 1683 637 .S¹
1697 593 1760 624 haec
1777 593 1854 624 causa
1876 595 1914 624 sic
1931 593 2017 626 fuerit
2029 618 2039 634 ,
2066 597 2099 628 &
2122 595 2259 636 explicata
2282 598 2376 631 vestra

1308 632 1480 676 Prudentia,
1504 633 1538 664 &
1562 631 1717 664 constituta
1738 632 1919 663 Authoritate
1934 655 1943 670 7
1967 640 1999 664 ut
2017 633 2092 672 justa
2116 636 2245 675 pecuniae
2266 637 2377 670 summa

1309 671 1450 715 familiari
1465 670 1586 716 nostro,
1604 681 1690 711 quam
1706 671 1833 709 primum
1848 671 2036 711 persolvatur,
2053 682 2115 704 rem
2136 682 2214 706 certe
2229 676 2263 706 &
2283 675 2374 708 vestra

1309 718 1441 749 aequitate
1455 709 1537 755 valde
1551 711 1670 749 dignam
1682 734 1691 748 ‚
1709 710 1743 740 &
1759 709 1864 740 nostrae
1877 709 2068 747 expectationi
2081 712 2242 744 admodum
2258 714 2376 753 respon-

1308 749 1423 779 dentem
1441 748 1566 788 facietis,
1585 758 1669 793 quam
1685 758 1738 779 nos
1751 749 1786 780 &
1801 756 1883 787 grato
1897 748 2071 787 accipiemus
2084 751 2200 789 animo,
2215 752 2250 782 δε
2270 762 2376 786 mutuo

1308 795 1480 832 reponemus
1504 787 1663 824 beneficio,
1689 787 1764 818 cum
1787 785 1888 817 vesttae
1908 797 1952 817 res
1976 788 2012 818 δε
2032 788 2147 826 negotia
2157 790 2199 820 ita
2213 789 2378 827 postulave-

1308 835 1387 903 rlip5t.4
1420 823 1529 858 Valete.
1565 826 1609 858 Ex
1634 826 1726 866 Regia
1747 825 1842 858 nostra
1866 825 1941 866 apud
1963 825 2006 857 D.
2028 826 2198 868 jacobum,
2211 828 2250 859 28
2271 829 2377 869 Aprilis

1726 996 1802 1042 Regi
1826 993 1964 1028 Poloniae.

1314 1081 1434 1151 ML
1438 1091 1482 1127 .R¹
1494 1091 1530 1121 A,
1553 1081 1616 1113 &c.
1654 1080 1852 1119 Sigismund0‚
1882 1080 1963 1124 ὅτε..
1984 1078 2067 1112 Binas
2094 1079 2252 1120 Maiestatis
2282 1084 2384 1119 vestrae

1437 1130 1547 1158 itteras,
1564 1130 1586 1159 4
1602 1118 1759 1150 Novemb.
1774 1118 1852 1150 datas
1865 1128 2041 1156 accepimus.
2081 1119 2224 1160 Utraeque
2239 1123 2304 1155 sane
2322 1135 2378 1157 no-

1315 1163 1359 1192 bis
1371 1160 1533 1204 admodum
1547 1167 1676 1198 acceptae
1689 1157 1823 1195 fuerunt,
1838 1156 1884 1188 sed
1901 1157 1956 1187 illae
1972 1157 2056 1188 valde
2071 1167 2174 1198 gratae,
2188 1163 2293 1200 quibus
2319 1172 2383 1195 tari-

1316 1198 1478 1243 ‘⁰.st.“d¹⁰.³
1511 1199 1545 1229 &
1568 1196 1784 1242 benevolentia,
1808 1197 1917 1238 nobiS,
1948 1195 2106 1234 nostrisque
2125 1200 2207 1230 rebus
2227 1187 2375 1241 gratiilaris

1317 1238 1405 1269 Nihil
1424 1246 1504 1267 enim
1517 1237 1610 1280 *nobis
1632 1236 1757 1273 optatius
1770 1234 1901 1265 accidere
1923 1235 2033 1274 potuit,
2051 1245 2136 1274 quam
2152 1240 2221 1270 tanti
2243 1241 2342 1273 Princi
2362 1222 2385 1272 i⁴

1317 1286 1393 1308 tanta
1417 1285 1451 1318 ex
1476 1275 1650 1306 felicioribus
1665 1272 1768 1304 nostris
1782 1274 1864 1304 rebus
1887 1282 2020 1311 percepta
2046 1276 2183 1316 voluptas.
2342 1251 2385 1281 ps

1355 1315 1447 1346 Causa
1463 1314 1605 1345 Laurentii
1622 1313 1737 1344 Fentzel
1755 1311 1925 1344 Mercatoris
1942 1311 2116 1344 Gedanensis
2138 1316 2176 1347 sic
2198 1317 2284 1348 nobis
2301 1329 2388 1350 com-

1319 1354 1450 1399 mendata
1463 1355 1478 1384 a
1492 1352 1584 1384 vestra
1600 1350 1839 1390 Maiestate,juffu
1853 1349 1951 1380 nostro
1961 1374 1970 1389 ,
1989 1352 2092 1390 magna
2104 1353 2250 1393 diligentia
2264 1359 2297 1389 &
2312 1359 2389 1389 sum-

1318 1404 1367 1423 ma
1380 1394 1533 1431 aequitate,
1550 1391 1676 1422 secundo
1689 1391 1750 1427 jam
1765 1399 1896 1427 tempore
1915 1391 2073 1420 examinata
2088 1391 2139 1421 est.
2186 1394 2266 1432 Qiae
2287 1406 2329 1427 res
2350 1399 2388 1428 ita

1317 1432 1431 1476 tradftata
1446 1431 1507 1469 est,
1526 1440 1555 1461 ut
1573 1430 1663 1468 nihil,
1681 1430 1728 1460 vel
1747 1429 1781 1459 ad
1802 1429 1879 1458 illam
1895 1428 2008 1459 causam
2031 1430 2086 1460 rite
2108 1431 2304 1469 explicandam
2339 1435 2388 1466 vel

1318 1471 1353 1501 ad
1369 1471 1459 1508 ipsum
1477 1470 1630 1500 hominem
1654 1467 1817 1499 commode
1846 1466 2053 1498 sublevandum
2081 1468 2227 1502 desiderari
2251 1457 2379 1512 potiierit

1320 1509 1423 1540 Rebus
1440 1515 1511 1540 vero
1526 1508 1681 1552 omnibu'S,
1701 1507 1784 1545 plene
1799 1506 1940 1546 cognitis,
1958 1505 1991 1536 δε
2007 1506 2059 1537 rite
2071 1507 2212 1547 discuffis,
2232 1513 2314 1548 plane
2337 1497 2390 1553 ap-⁶

1320 1558 1418 1592 paret,
1437 1548 1545 1592 nullam
1563 1556 1710 1584 iniuriam,
1728 1556 1783 1576 nec
1797 1553 1878 1575 antea
1895 1554 1946 1582 per
1961 1543 2111 1576 Ministros
2130 1547 2305 1581 Serenissimi
2327 1550 2390 1583 Re..

1319 1596 1361 1626 gis
1375 1587 1499 1618 Eduardi
1514 1586 1590 1616 Sexti
1606 1584 1704 1616 Fratris
1716 1584 1804 1615 nostri
1819 1582 1985 1614 Chariffimi
1994 1606 2005 1622 ,
2023 1584 2060 1615 L.
2074 1584 2192 1618 Fentzel
2207 1589 2372 1626 impolitam

1320 1636 1375 1656 nec
1391 1635 1469 1671 nunc
1505 1624 1651 1669 ermissam
1664 1623 1738 1660 esse,
1757 1623 1805 1654 sed
1824 1623 1943 1660 omnia,
1966 1622 2125 1655 secundum
2143 1626 2217 1665 leges
2234 1627 2267 1658 &
2281 1613 2392 1661 Statuta'

1322 1663 1420 1703 Regni
1436 1674 1477 1694 no
1503 1673 1545 1701 ri,
1563 1672 1634 1707 cum
1648 1663 1762 1706 eoadta
1777 1660 1869 1692 fuisse.
1905 1661 1932 1692 Is
1948 1660 1984 1691 L.
2006 1661 2126 1694 Fentzel
2140 1673 2211 1695 cum
2226 1675 2290 1697 non
2305 1666 2392 1698 fuerit

1323 1713 1356 1733 ex
1371 1713 1410 1747 eo¹
1421 1711 1544 1747 numero
1558 1702 1704 1746 Societatis
1719 1700 1833 1731 Hanzae
1845 1699 2040 1738 Teutonicae,
2065 1711 2130 1739 quae
2154 1702 2282 1734 Londini
2307 1706 2393 1737 certis

1325 1741 1425 1772 nostris
1442 1742 1600 1786 privilegiis
1614 1739 1737 1778 gaudet,
1747 1739 1801 1783 'sua
1814 1738 1916 1777 culpi,
1934 1749 1994 1770 non
2008 1741 2132 1771 aliorum
2147 1741 2264 1782 injuria,
2281 1743 2308 1774 se
2323 1743 2395 1775 suas-

1323 1791 1378 1820 que
1391 1791 1434 1823 res
1458 1790 1486 1825 in
1502 1781 1552 1811 lias
1567 1781 1660 1810 turbas
1682 1779 1821 1816 coniecit.
1859 1777 1941 1809 Cum
1956 1778 2034 1809 enim
2052 1789 2163 1811 merces
2184 1781 2243 1812 suas
2265 1781 2396 1814 Londini

1325 1822 1484 1863 expoluerit
1500 1819 1534 1850 &
1551 1818 1732 1855 vendiderit,
1751 1817 1831 1847 nullo
1847 1817 2001 1856 vectigali,
2025 1817 2062 1847 de
2078 1827 2162 1850 more
2174 1819 2207 1850 &
2220 1821 2281 1859 jure
2319 1820 2395 1852 solu-

1325 1867 1488 1901 to,omnia
1502 1857 1548 1888 illa
1566 1858 1644 1888 bona
1659 1857 1818 1886 inciderunt
1839 1856 1869 1886 in
1884 1855 2094 1894 commissum,
2116 1857 2150 1888 &
2172 1859 2202 1889 i'n
2223 1844 2323 1890 fiscu’m
2344 1871 2396 1891 ari-

1326 1907 1371 1941 tea
1385 1896 1508 1940 Fratris,
1528 1894 1757 1939 nunc-nostrum
1772 1894 1884 1925 reda&a
1905 1894 1978 1926 sunt.
2015 1894 2054 1925 Et
2070 1896 2315 1933 quemadmodum
2337 1901 2396 1937 pri-

1328 1936 1429 1980 vilegia
1450 1936 1533 1972 huius
1554 1935 1648 1972 urbis,
1673 1935 1707 1965 &
1726 1934 1786 1972 jura
1805 1932 1899 1970 Regni
1920 1932 2010 1962 nostri
2031 1932 2098 1964 sarta
2112 1935 2146 1966 ὃς
2160 1935 2269 1974 integra
2287 1937 2397 1976 semper

1324 1984 1399 2006 tueri
1412 1973 1568 2017 debemus,
1582 1982 1649 2017 eum
1659 1980 1770 2016 tamen,
1783 1971 1844 2002 hoc
1857 1980 2006 2009 tempore,
2019 1972 2178 2010 respeetum
2190 1974 2342 2006 habuimus
2357 1975 2393 2007 ad

1328 2012 1439 2057 Vestrae
1454 2012 1615 2056 Serenitatis
1632 2011 1810 2056 Litteras,&
1825 2009 1858 2040 ea
1866 2009 1992 2040 hominis
2002 2011 2199 2043 misericordia
2211 2014 2398 2045 sumuscom-

1330 2060 1424 2096 moti,
1444 2059 1475 2082 ut
1489 2052 1573 2089 hujus
1587 2060 1640 2082 viri
1653 2051 1735 2081 rebus
1751 2059 1834 2087 atque
1849 2049 2034 2087 commodo,
2049 2049 2106 2088 qua
2119 2053 2266 2088 potuimus
2279 2053 2387 2085 ratione

1332 2089 1563 2136 prospiciendum
1577 2089 1634 2120 effe
1647 2098 1822 2120 curaremus.
1858 2087 1995 2119 Primum
2008 2089 2038 2119 in
2060 2090 2180 2128 gratiam
2204 2090 2239 2122 V.
2260 2089 2290 2122 S.
2311 2075 2401 2123 obtuz

1331 2131 1415 2175 limus
1429 2129 1484 2167 illi,
1500 2137 1557 2160 inte
1578 2138 1637 2159 ram
1651 2128 1902 2159 condonationem
1927 2126 2044 2158 illorum
2070 2128 2232 2168 bonorum,
2256 2139 2321 2168 quae
2338 2131 2403 2169 jure

1333 2179 1364 2199 in
1391 2168 1521 2199 nostrum
1565 2166 1657 2198 iseum
1676 2175 1881 2236 (pervenerant.
1919 2165 2041 2209 Postea,
2058 2166 2094 2197 de
2114 2167 2200 2198 altera
2215 2168 2332 2200 dimidia
2347 2170 2403 2200 bo-

1336 2217 1441 2252 norum
1457 2215 1554 2245 parte,
1577 2216 1642 2250 quae
1659 2216 1674 2236 a
1711 2214 1802 2249 certos
1819 2214 1899 2235 Viros
1917 2214 1983 2242 Jure
1998 2206 2084 2236 etiam
2107 2207 2256 2245 pervenit,
2277 2208 2315 2238 ita
2332 2217 2402 2239 cum

1337 2246 1389 2277 illis
1403 2245 1542 2290 agendum
1557 2246 1614 2276 esse
1629 2246 1828 2283 promisimus,
1844 2252 1875 2274 ut
1891 2251 1987 2274 totum
2005 2244 2065 2275 hoc
2086 2246 2235 2284 negotium
2266 2246 2344 2278 bona
2367 2247 2402 2278 &

1337 2285 1480 2330 tolerabili
1501 2284 1669 2315 conditione
1692 2283 1906 2321 transigeretur3
1929 2282 1985 2313 Sed
2008 2283 2073 2320 ille,
2099 2285 2197 2315 omnia
2218 2284 2316 2316 denuo
2338 2286 2404 2324 jure

1339 2333 1477 2362 experiri,
1492 2324 1684 2360 continuisque
1699 2323 1753 2353 sese
1768 2321 1866 2352 maluit
1878 2321 1973 2351 litibus
1985 2322 2125 2360 miscere,
2139 2324 2222 2361 quam
2236 2324 2265 2354 in
2280 2325 2335 2355 hac
2348 2334 2405 2355 no⁴

1339 2362 1393 2408 stra
1405 2361 1603 2407 moderatione
1618 2362 1651 2392 &
1666 2362 1796 2398 aequitate
1809 2359 1997 2400 acquiescere.
2041 2360 2111 2398 Qua
2132 2363 2220 2392 etiam
2234 2363 2265 2392 in
2280 2373 2311 2394 re
2351 2363 2408 2394 ho-

1340 2411 1427 2439 mini,
1451 2401 1467 2431 Ξι
1482 2400 1519 2445 V
1531 2399 1559 2430 S.
1576 2399 1660 2430 nobis
1675 2398 1900 2435 commendato,
1915 2407 2027 2428 tantum
2042 2400 2226 2431 tribuendum
2245 2400 2302 2432 esse
2321 2385 2407 2432 duxi-

1341 2449 1404 2471 mus
1414 2463 1423 2477 ,
1439 2448 1469 2470 ut
1482 2439 1603 2469 liberam
1616 2437 1713 2468 denuo
1730 2437 1841 2468 causam
1856 2437 1932 2467 suani
1946 2437 2048 2475 agendi
2072 2438 2242 2475 potestatem
2261 2440 2408 2471 concede-

1342 2488 1447 2509 remus.
1486 2476 1541 2507 Sed
1555 2485 1646 2507 totam
1668 2477 1751 2514 hujus
1769 2475 1857 2505 causae
1875 2475 2112 2514 explicationem,
2136 2478 2193 2508 una
2208 2487 2278 2509 cum
2293 2478 2351 2509 aliis
2364 2489 2409 2510 re-

1341 2518 1412 2555 bus,
1428 2526 1493 2561 qufe
1507 2516 1541 2546 ad
1557 2525 1628 2553 nOS,
1649 2515 1794 2552 nostrique
1809 2513 1902 2552 Regni
1919 2513 2024 2544 statum
2041 2516 2198 2555 pertinent,
2218 2518 2266 2555 qui
2279 2517 2328 2547 has
2343 2527 2408 2555 per-

1342 2555 1416 2600 fert,
1430 2555 1626 2593 Hieronymus
1641 2553 1853 2584 Makowioislti
1870 2554 1899 2583 S.
1916 2552 1951 2582 V.
1968 2552 2147 2586 Camerarius
2180 2556 2224 2585 vir
2241 2555 2361 2593 prudens
2374 2557 2409 2588 ὃς

1343 2595 1482 2638 diligenS,
1498 2593 1731 2640 opportunius&
1747 2592 1833 2623 fufius
1857 2591 1893 2621 V.
1914 2591 1943 2621 S.
1967 2593 2117 2624 enarrabit.
2152 2579 2239 2626 ²Deus
2270 2594 2333 2625 &c.
2368 2593 2413 2626 Ex

1345 2633 1440 2672 Regia
1454 2632 1551 2663 nostra
1565 2631 1639 2670 apud
1654 2631 1696 2662 D.
1708 2630 1771 2671 Jac.
1791 2630 1808 2662 8
1826 2630 1899 2661 Maii
1917 2638 2002 2670 1554.
2246 2617 2257 2634 ³

1460 2762 1548 2794 Daci
1570 2763 1601 2793 in
1625 2757 1743 2800 Oliika,
1766 2759 1918 2791 Lituaniae
1933 2755 2070 2803 fitpremo
2093 2758 2282 2803 Mmfialco.

1345 2840 1548 2900 CLariffime
1566 2844 1599 2875 P.
1617 2843 1720 2874 Amice
1742 2841 1838 2873 noster
1861 2840 2041 2872 Chariffime.
2083 2841 2174 2874 Valde
2200 2851 2287 2883 grarae
2307 2844 2342 2876 &
2362 2854 2413 2877 ac·-

1415 2892 1508 2922 ceptae
1523 2886 1637 2914 ruerunt
1654 2882 1738 2913 nobis
1755 2882 1874 2912 Littcrae
1897 2880 1998 2911 vestrae
2021 2880 2210 2912 Excellentiae
2233 2892 2273 2913 20
2309 2885 2413 2916 anuarii

1346 2923 1436 2967 datae,
1460 2932 1526 2966 quas
1550 2921 1700 2960 generosus
1716 2920 1758 2950 vir
1773 2921 1807 2951 &
1823 2918 1996 2950 Sereniffimi
2016 2918 2108 2957 Regis
2127 2919 2259 2952 Poloniae
2275 2882 2414 2954 &amera-

1352 2972 1424 2998 rius,
1447 2960 1642 3005 Hierony-mus
1665 2958 1881 2996 Makowicius,
1902 2959 1986 2989 nobis
2002 2958 2122 2989 tradidit.
2160 2959 2251 2991 Grata
2272 2961 2359 2991 etiam
2378 2962 2414 2992 δε

1348 3009 1444 3038 optata
1455 3000 1510 3042 fuit
1532 3000 1645 3038 insignis
1657 2999 1686 3028 in
1701 3007 1753 3028 nos
1767 2998 1855 3028 animi
1878 2996 1963 3026 vestri
1985 2997 2154 3037 propensio,
2178 2998 2211 3029 &
2243 3007 2302 3029 tam
2319 3008 2411 3037 parata

1349 3040 1546 3082 propositaque
1562 3038 1707 3075 voluntas,
1719 3036 1795 3067 ultro
1811 3036 1893 3066 nubis
1902 3036 1934 3066 &
1949 3035 2071 3066 libenter
2084 3035 2224 3067 offerendi
2235 3044 2280 3068 tot
2294 3038 2414 3074 praecla-

1350 3089 1379 3109 ra
1393 3076 1511 3124 0ffiC¹a.·.
1539 3075 1598 3107 Cui
1610 3075 1706 3106 vestro
1726 3075 1875 3105 excellenti
1901 3073 2010 3111 studio,
2033 3074 2131 3105 nostra
2147 3085 2199 3105 nos
2221 3074 2344 3106 viciffim
2360 3077 2413 3107 be·-

1353 3116 1530 3153 nevolentia,
1554 3115 1665 3152 semper
1687 3113 1937 3152 respondebimus,
1960 3113 2072 3150 quoties
2090 3114 2193 3144 idonea
2215 3114 2300 3144 nobis
2319 3114 2354 3144 ad
2381 3114 2412 3145 id

1351 3155 1447 3186 oblata
1459 3155 1544 3185 fuerit
1561 3154 1766 3193 opportunitas.
1803 3150 1837 3181 ln
1854 3150 1900 3181 illa
1915 3153 1986 3181 vero
2002 3151 2085 3182 causa
2112 3151 2145 3182 L.
2162 3152 2280 3182 Fentzel
2296 3151 2414 3184 Merca-

1352 3195 1420 3238 toris
1435 3192 1626 3236 Gedanensis,
1640 3201 1726 3230 quam
1743 3191 1824 3221 nobis
1837 3189 1985 3228 diligenter
2000 3189 2202 3227 commendas,
2218 3190 2284 3228 quid
2297 3189 2415 3223 fiericu-

1351 3243 1491 3268 raVimus,
1517 3231 1709 3268 Hieronymus
1732 3229 1928 3259 Macowicius
1955 3228 2089 3266 praesente
2116 3228 2167 3259 suo
2190 3228 2320 3259 sermone
2350 3229 2414 3262 fuse

1352 3272 1385 3302 &
1400 3270 1563 3310 opportune
1577 3269 1737 3308 explicabit.
1775 3265 1870 3306 Deus,
1884 3267 1949 3298 &c.
1985 3266 2073 3304 Apud
2089 3265 2127 3297 D.
2137 3266 2288 3306 Jacobum
2305 3268 2322 3299 8
2339 3268 2415 3301 Maii

1355 3318 1441 3349 1554-

1744 3435 1864 3480 Reginae
1884 3431 2016 3465 Poloniae,

1358 3519 1573 3588 Mizigifl,
1590 3519 1652 3550 ὅτε.
1691 3517 1938 3554 Catharinae,&c.
1974 3515 2152 3556 Salutem,&
2167 3517 2347 3556 optatiffimae
2360 3519 2418 3558 spei

1467 3557 1650 3588 eliciffimum
1671 3564 1816 3586 eventum.

1396 3596 1576 3628 Sereniffima
1595 3595 1628 3626 P.
1644 3595 1677 3625 &
1695 3594 1782 3623 Soror
1796 3592 1888 3624 nostra
1903 3592 2083 3625 Chariffima.

1392 3636 1593 3680 'Hieronymus
1602 3632 1803 3669 Makowicius,
1814 3633 1916 3676 nobilis
1924 3633 1986 3663 sane
1994 3635 2048 3670 vir,
2057 3634 2135 3664 binas
2143 3633 2301 3665 Serenitatis
2309 3634 2420 3667 Vestrae

1361 3674 1499 3717 Litteras,
1517 3673 1615 3716 ambas
1628 3679 1649 3709 4
1664 3669 1845 3714 Novembris
1859 3672 1950 3708 datas,
1971 3673 2056 3701 nobis
2076 3673 2200 3703 tradidit.
2235 3673 2281 3703 Ex
2297 3675 2420 3712 geminis

1360 3711 1429 3756 ιίὶιεχ
1440 3711 1573 3755 Litteris,
1593 3709 1738 3752 duplicem
1759 3710 1793 3740 &
1815 3711 2045 3748 congeminatam
2067 3711 2243 3748 voluptatem
2265 3713 2415 3748 cepimus:

1360 3750 1437 3780 unde
1458 3758 1559 3778 exmna
1578 3757 1683 3777 amoris
1700 3755 1766 3784 erga
1787 3758 1840 3777 nos
1858 3748 2016 3778 testificatio
2038 3757 2071 3778 ex
2091 3751 2177 3780 omni
2196 3757 2273 3786 parte
2291 3750 2345 3779 sese
2368 3760 2420 3781 ex-

1361 3787 1505 3833 tendebat.
1542 3786 1677 3829 Quaeque
1695 3788 1775 3815 enim
1799 3785 1970 3817 Litterarum
1997 3786 2152 3817 vestrarum
2171 3796 2230 3826 pars
2255 3786 2309 3817 fuit
2332 3789 2419 3820 nobis

1362 3826 1443 3871 valde
1457 3833 1554 3864 grata,
1572 3824 1680 3869 sedsilla
1695 3833 1772 3854 certe
1787 3824 1974 3863 optatissima,
1987 3826 2037 3855 ubi
2048 3824 2174 3855 nostram
2187 3826 2260 3855 inter
2272 3835 2326 3856 nos
2335 3829 2420 3858 Ami-

1363 3873 1478 3900 citiam,
1495 3871 1558 3906 non
1572 3862 1664 3907 s9¹U.“.¹
1679 3862 1818 3901 sanguinis
1837 3863 2061 3901 propinquitate,
2090 3863 2135 3893 sed
2156 3862 2315 3894 studiorum
2331 3867 2419 3897 etiam

1363 3905 1398 3935 &
1413 3902 1563 3945 voluntatis
1578 3902 1774 3945 similitudine,
1786 3900 1984 3931 confirmatam
1999 3900 2056 3930 este
2069 3900 2148 3930 dicis.
2186 3900 2224 3932 Et
2241 3902 2306 3934 haec
2322 3904 2420 3934 aretis-

1363 3943 1433 3973 sima
1454 3940 1570 3983 Aln0f1?
1589 3940 1720 3978 Vincula,
1744 3947 1805 3969 orta
1823 3939 1947 3976 primum
1967 3947 2002 3968 ex
2022 3938 2082 3976 ipsa
2100 3939 2217 3977 natura,
2236 3941 2318 3972 aucta
2340 3952 2421 3974 nunc

1365 3988 1466 4012 mutuo
1478 3977 1588 4017 judicio
1599 3978 1634 4010 &
1650 3978 1796 4010 voluntate
1809 3976 1903 4007 nostra
1913 3999 1923 4015 ‚
1942 3977 1979 4007 ita
1994 3977 2025 4006 in
2042 3975 2190 4014 posterum
2203 3980 2341 4012 omnibus
2355 3980 2423 4011 offi-

2377 4019 2428 4062 ciis
