2561 4263
152 271 194 345 ὊὟ

298 272 328 347 mv

138 2681 215 2717 [3309
249 2688 264 2708 2
281 2682 332 2711 Ed.
351 2688 379 2710 2.

414 1842 465 1868 Pro
482 1840 604 1868 Gastone
624 1840 738 1868 Comite
758 1840 845 1870 Fuxi,
865 1839 943 1878 super
962 1841 1178 1878 Impignorario-

393 2198 395 2231 ᾗ
414 2186 466 2213 Pro
486 2185 601 2212 Thoma
618 2185 650 2213 de
671 2185 793 2223 Ralegh,
826 2184 859 2213 de
878 2183 1009 2212 solvendo
1033 2156 1183 2223 Expensgg

421 179 887 225 A‹:T·01z1Jai
952 184 1909 237 ntAiuth‹:R.1P‘rc)RsUiu‚
1961 189 2034 227 &a

412 347 659 416 Dehzarffizmemis
669 408 677 420 ,
696 387 725 416 in
738 389 827 417 Garda
841 386 1023 417 custodiendis
1033 409 1040 421 ,
1059 359 1167 426 Johan‘?
1204 356 1250 434 ἐξ

446 424 473 451 ni
490 425 523 452 de
542 426 685 454 Benestede
702 425 855 454 liberandis.
1151 435 1166 460 5

412 462 453 488 De
475 463 694 498 procuratoribus
714 464 741 491 in
763 464 942 492 l'arliamento
963 464 1043 492 Paris.
1066 464 1166 491 consti·
1207 463 1228 505 {il

448 501 523 528 tutis.
1151 504 1169 529 5

392 556 393 573 ἦ
412 538 454 565 De
476 539 613 567 veniendo
631 549 724 569 coram
745 542 822 579 Rege
839 542 872 570 ad
890 540 1118 578 conquerendum
1137 541 1170 568 de

392 599 393 612 ἦ
450 577 619 606 Hominibus
638 579 787 607 Hollandiae
1153 587 1169 613 7

392 613 393 616 ’
412 613 464 641 Pro
486 614 609 646 Gilberto
627 617 659 645 de
684 617 760 646 Clare
779 620 812 647 de
826 616 899 647 mille
916 618 1014 646 Marcis
1027 617 1168 644 remitten-

446 653 496 681 dis.
1152 654 1169 680 8

411 690 462 718 Pro
488 693 569 720 Petro
591 694 625 721 de
647 695 788 723 Gaveston
808 695 893 721 Com.
909 693 1059 721 Cornubiae
1075 693 1107 720 de
1121 702 1169 720 cu·
1209 711 1216 721 ε

447 729 532 759 stodia
555 734 701 761 Terrarum
725 735 752 761 &
774 734 1014 759 Tenementorum
1046 730 1168 758 Thomae

448 768 551 799 Filii&
570 772 690 800 Haeredis
707 769 838 800 Nicholai
859 770 891 798 de
916 768 1016 798 Audele
1035 768 1169 797 commis-

410 805 612 874 Prff'oilberto
633 848 666 875 de
690 846 767 876 Clare
783 848 815 875 de
833 846 1003 876 Liberatione
1021 817 1172 874 Terrarunii

391 884 393 914 s
445 884 473 912 δε
491 885 730 913 Tenementorum
748 886 776 914 in
792 884 899 923 Anglia.

411 922 463 949 Pro
482 922 630 951 Willielmo
644 925 678 952 de
693 926 805 952 Luxton
821 927 849 952 ὅ(
869 922 943 954 aliis,
963 923 996 950 de
1018 922 1101 949 Bonis
1123 894 1170 951 <sec-³

445 961 559 998 predatis
574 963 754 991 restituendis.
1139 970 1148 988 ¹
1157 970 1166 987 ¹

391 999 393 1048 Ξ
410 999 462 1024 Pro
488 999 612 1025 Gilberto
639 1003 672 1026 de
694 1000 788 1031 clare,
816 1000 850 1027 de
870 1000 959 1027 Foeno
975 997 1013 1026 illi
1031 998 1172 1027 concesso.

1139 1046 1170 1064 12

392 1070 393 1073 ¹
410 1075 463 1101 Pro
479 1076 525 1101 Hu
545 1072 636 1100 oncle
657 1072 824 1110 Despenser,
839 1075 873 1104 de
888 1074 1032 1112 Mariragio
1049 1074 1170 1103 Thomae

392 1128 393 1132 =
447 1110 481 1139 de
505 1110 680 1150 Adichelegh
702 1111 734 1138 ad
757 1122 828 1151 opus
857 1113 930 1142 Filiae
952 1112 1007 1141 sua:
1031 1113 1170 1141 concesso.

392 1202 393 1225 r
410 1187 463 1215 Pro
487 1189 606 1226 Hugone
631 1187 655 1216 le
670 1188 831 1226 Despenstr,
851 1190 884 1218 de
899 1190 1045 1226 Maritagio
1061 1161 1169 1217 Nichb3-

391 1245 393 1267 ς
446 1223 479 1253 lai
502 1227 534 1253 de
558 1225 731 1265 Aldichelegh
748 1229 780 1256 ad
794 1238 865 1265 opus
880 1227 954 1256 Filiae
968 1227 1021 1256 suae
1033 1228 1172 1256 concesso.

391 1284 393 1303 ἒ
411 1304 462 1331 Pro
484 1304 617 1342 Magistro
638 1303 743 1333 Militiae
762 1303 890 1342 Templi,
910 1305 943 1333 de
958 1306 1105 1333 Attomato
1123 1276 1172 1333 2:1⁴:

391 1366 392 1369 ,
448 1342 593 1372 mittendo.
1136 1352 1169 1378 ¹5

411 1381 464 1408 Pro
491 1382 607 1419 Rogero
629 1382 661 1410 de
685 1378 871 1410 Mortuomari
887 1383 915 1410 ὃς
930 1381 1054 1418 johanna
1068 1382 1173 1446 Uxor1e6.

412 1458 454 1485 De
469 1459 612 1496 Homagio
630 1461 657 1487 ὃ(
676 1457 813 1486 Fidelitate
829 1457 959 1486 faciendis
979 1459 1059 1485 Petro
1075 1458 1107 1485 dc
1118 1459 1170 1485 Ga-

447 1496 543 1524 veston
564 1507 615 1535 pro
639 1496 730 1524 Terris
750 1500 777 1526 &
793 1496 972 1524 Tenemcntis
989 1494 1128 1523 Michaelis
1142 1497 1174 1524 de

450 1533 574 1562 Meldon.
1143 1543 1172 1568 17

412 1574 455 1600 De
471 1572 618 1611 Computo
631 1573 768 1602 reddendo
785 1573 819 1600 de
833 1572 915 1601 Bonis
940 1572 1175 1609 Templariorum.

1205 318 1247 355 Q

1443 272 1470 296 ξ»

1307 310 1335 348 9

1208 436 1251 463 esi-2

1217 464 1225 473 .

1229 476 1252 514 a

1208 600 1253 648 ἓξ

1207 642 1249 687 Q

1244 642 1252 651 a

1244 682 1252 691 a

1243 695 1253 705 4

1294 626 1364 654 ¹3¹0
1399 625 1411 652 3
1430 616 1477 645 Ed.
1499 626 1523 645 ι.

1209 791 1257 1457 .ffiffiffiffiffiffiffiffissffiffiffiffiffffi²‘

1143 1608 1258 1647 i8‘'

391 1642 393 1675 ἶ
413 1650 456 1678 De
480 1650 601 1679 Licentia
626 1661 675 1687 pro
697 1649 823 1680 Gilberto
849 1650 881 1677 de
897 1648 973 1676 Clare
989 1648 1071 1685 (nunc
1090 1650 1175 1676 Com.

450 1686 566 1725 Glouc.)
579 1686 653 1726 quod
669 1689 751 1727 possit
764 1689 920 1726 cuicunque
936 1686 1050 1715 voluerit
1068 1688 1173 1715 marita-

450 1736 488 1753 re.
1143 1735 1176 1760 1⁹

392 1776 393 1783 ¹
413 1765 454 1793 Ad
478 1764 626 1798 Comitem
652 1766 805 1796 Hanoniae‚
825 1764 858 1791 de
882 1764 1031 1793 Discordiis
1048 1763 1178 1792 sedandis.
1216 1759 1237 1769 ‘³

1144 1812 1177 1830 20

449 1887 484 1905 ue
504 1878 590 1905 Castri
609 1881 636 1907 ὃς
659 1877 736 1905 Villae
757 1877 791 1905 de
812 1879 967 1906 Guneretto
987 1879 1175 1908 Condonatio.

410 1956 465 1982 Pro
482 1956 606 1990 Hugone
622 1952 647 1980 le
661 1953 827 1991 Despenser,
848 1956 881 1982 de
899 1954 1031 1982 Custodia
1047 1955 1132 1983 Castri
1144 1926 1179 1984 ‚dit

452 1990 583 2030 Strogoil.
1145 2003 1178 2021 22

412 2031 561 2060 Concessio
584 2031 657 2069 Regi
677 2041 723 2069 per
745 2031 856 2058 Petrum
877 2030 910 2058 de
931 2031 1082 2060 Gaveston.
1145 2041 1178 2069 23

392 2079 394 2088 ¹
413 2071 465 2097 Pro
484 2072 605 2107 Hugone
620 2069 643 2097 le
664 2069 831 2107 Despenser,
853 2068 929 2106 quod
945 2070 1073 2106 percipiat
1097 2072 1181 2097 Pecu-

449 2110 522 2136 niam
538 2109 563 2135 ei
578 2109 696 2136 debitam
712 2110 744 2137 de
754 2107 893 2136 Custodiis
905 2107 1054 2145 Maritagiis
1067 2110 1094 2136 ὃ(
1108 2110 1182 2136 War-

450 2147 492 2174 dis
506 2154 562 2174 tam
583 2147 653 2174 circa
670 2146 757 2184 quam
779 2145 846 2174 ultra
865 2148 1008 2174 Trentam.

416 2263 459 2290 De
473 2263 649 2291 concessione
663 2263 752 2291 Casti-i
766 2263 798 2290 de
816 2261 1029 2300 Kmresburgh,
1050 2264 1104 2290 &e
1126 2232 1183 2289 R²g

393 2304 396 2345 *v
449 2301 478 2339 gi
501 2310 548 2337 per
567 2302 679 2329 Petrum
699 2303 732 2329 de
751 2301 900 2329 Gaveston.
1148 2302 1182 2328 26

394 2350 396 2384 ζ
414 2340 467 2366 Pro
493 2340 573 2367 Petro
596 2339 631 2367 de
654 2340 809 2372 Gaveston,
830 2339 863 2367 de
888 2338 988 2367 Seifina
1004 2336 1181 2367 deliberanda.

1148 2386 1179 2413 ²7

395 2421 397 2450 ᾖ
416 2417 467 2444 Pro
484 2418 606 2454 Hugone
623 2415 647 2443 le
663 2415 828 2454 Despenser,
851 2416 884 2444 de
901 2415 1094 2443 Conceffione.
1147 2417 1181 2442 28

394 2452 397 2483 Ξ
415 2455 456 2482 De
471 2454 573 2483 Ballivo
592 2456 702 2484 Errante
717 2456 744 2484 in
761 2455 883 2483 Partibus
900 2453 1059 2482 Hollandiae.
1146 2463 1182 2489 29

396 2508 397 2525 r
417 2494 468 2522 Pro
492 2492 700 2523 constabulario
722 2494 756 2522 de
774 2494 871 2522 Castro
889 2491 1006 2521 Bristoll.
1021 2492 1055 2520 de
1072 2489 1169 2520 Alloca

396 2532 398 2551 l
452 2532 541 2568 tione,
1148 2540 1183 2568 30

690 2610 745 2638 An.
765 2617 792 2635 2.
813 2608 866 2635 Ed.
887 2618 914 2636 2.

419 2686 459 2713 Ad
478 2687 587 2725 Regem
600 2684 741 2716 Franciae.
764 2685 797 2713 de
816 2684 958 2712 Frederico
974 2681 1111 2712 Manfredi
1126 2683 1182 2711 Re-

452 2724 497 2761 gis
513 2725 612 2753 siciliae
631 2724 712 2753 Filio.
1150 2731 1179 2758 3¹

417 2761 508 2790 Litera
520 2760 682 2800 obligatoria
688 2760 817 2799 Episcopi
826 2760 918 2789 saneti
930 2761 1043 2789 Andreae
1054 2781 1061 2793 ‚
1069 2763 1102 2790 de
1109 2763 1184 2788 6000

456 2799 560 2828 March.
581 2797 710 2838 sterling.
727 2798 849 2827 solvend.
871 2799 954 2836 Regi.
1149 2808 1182 2835 32

397 2830 398 2847 ³
416 2840 471 2866 Pro
487 2838 637 2876 Raduipho
653 2839 686 2867 de
707 2839 805 2866 Monte
822 2838 959 2865 Hermerii
970 2858 977 2869 ‚
997 2838 1031 2865 de
1047 2838 1130 2867 Feriae
1155 2840 1183 2865 &

456 2878 559 2906 Mercat
574 2877 646 2915 apud
663 2879 790 2914 Lanuyer
807 2876 998 2904 Conceffione.

398 2944 399 2949 ¹
419 2916 550 2944 Patricius
567 2917 600 2942 de
617 2916 730 2942 Dunbar
745 2916 850 2942 Comes
864 2915 896 2941 de
913 2913 937 2942 la
953 2914 1046 2942 March
1063 2916 1091 2943 &
1106 2884 1185 2941 al.3<1{

454 2962 512 2981 non
527 2953 665 2981 redeundo
680 2952 710 2979 in
723 2952 846 2978 Scotiam
861 2950 962 2989 absque
981 2953 1066 2990 Regis
1084 2952 1184 2980 Licen-

454 2997 501 3019 tla-

417 3030 472 3057 Pro
490 3028 619 3067 Johanne
633 3028 667 3057 de
682 3027 820 3056 Britannia
835 3028 950 3056 Comite
958 3028 1181 3061 Richemundiae,

451 3069 485 3096 de
503 3067 695 3096 Conceffione.
1145 3076 1180 3103 35

419 3107 472 3134 Pro
499 3106 645 3144 Radulpho
670 3106 703 3133 de
726 3106 825 3132 Monte
841 3105 993 3137 Hermerii,
1013 3106 1045 3133 de
1062 3106 1182 3133 Conces—

453 3144 527 3172 sione
551 3148 699 3173 Terrarum
723 3142 858 3180 johannis
883 3143 1027 3180 quondam
1043 3143 1131 3171 Com.
1150 3144 1182 3170 de

452 3183 575 3221 Boghan.
1147 3183 1181 3218 36

417 3222 459 3249 De
484 3223 580 3250 Terris
600 3230 662 3258 quae
685 3220 799 3248 fuerunt
821 3219 947 3247 Comitis
968 3219 1001 3247 de
1017 3219 1132 3257 Boghan
1151 3220 1181 3247 in

454 3261 571 3288 Manum
589 3261 674 3297 Regis
684 3258 870 3288 resumendis.
1147 3267 1180 3294 37

417 3300 478 3327 Rex
501 3299 534 3327 ad
557 3299 702 3327 Comitem
730 3295 891 3328 Holandiae‚
909 3297 942 3325 de
964 3294 1183 3361 Depraedationig-

451 3338 513 3365 bus.
1146 3343 1158 3370 3

415 3375 459 3404 Ad
475 3374 594 3403 eundem
605 3393 614 3405 ,
630 3371 710 3410 super
722 3371 839 3409 Qerela
855 3372 966 3401 Waltexi
982 3371 1015 3400 de
1032 3370 1180 3409 Flemyng.

418 3452 461 3479 De
476 3452 626 3481 Conductu
645 3460 694 3488 pro
709 3451 829 3478 Percote
841 3450 874 3478 de
889 3449 971 3478 Barde
985 3450 1014 3478 in
1033 3448 1107 3476 Navi
1123 3420 1180 3476 [ἐξ

456 3490 496 3528 gis
509 3498 604 3519 vocata
618 3487 725 3518 isabella
738 3489 770 3517 de
785 3488 901 3516 Westm.
1140 3497 1179 3523 4⁰

419 3528 462 3555 Ad
485 3530 595 3566 Regem
621 3527 810 3563 Franciae,·ex
833 3532 907 3564 parte
928 3525 1002 3554 Petri
1027 3526 1060 3553 de
1076 3526 1178 3553 Sanno

456 3565 540 3594 Paulo
557 3566 727 3594 Mei-catoris.
1142 3572 1175 3599 4¹

420 3604 463 3631 De
479 3605 654 3632 Protectione
668 3611 718 3642 pro
733 3603 861 3641 Johanne
881 3603 914 3631 de
937 3601 1074 3630 Britannia
1092 3602 1179 3630 Com.

456 3642 540 3670 Rich.
1143 3649 1178 3675 42

420 3682 472 3708 Pro
492 3680 606 3709 Comite
625 3678 727 3709 Glouc.
741 3682 774 3710 de
793 3681 983 3710 Conceffione.
1141 3688 1177 3715 43

419 3719 529 3747 Comiti
549 3717 692 3746 Holandiae
703 3739 710 3750 ,
722 3719 755 3745 de
774 3720 993 3757 Depraedatione.
1141 3726 1180 3752 44

423 3759 475 3785 Pro
493 3757 647 3786 Alexandro
661 3756 868 3790 Bastenthwait,
889 3759 922 3786 de
939 3755 1118 3784 Allocatione.
1142 3763 1180 3790 45

422 3797 475 3824 Pro
501 3798 622 3834 Hugone
644 3793 667 3822 le
691 3793 856 3831 Despenser,
875 3797 907 3824 de
925 3795 1013 3823 Parcis
1028 3793 1083 3821 suis
1098 3793 1177 3821 taCtis

457 3836 485 3863 in
498 3835 589 3863 Effex.
1140 3833 1177 3866 46

421 3874 473 3902 Pro
489 3876 609 3911 Hugone
624 3871 648 3900 le
663 3869 829 3908 Despenser,
847 3870 880 3899 de
894 3870 1064 3900 Alienatione
1079 3869 1178 3906 absque

460 3912 584 3941 Licentia
598 3911 693 3949 Regis.
1141 3916 1175 3942 47

422 3953 483 3980 Rex
507 3950 615 3980 Comiti
638 3951 753 3978 Droten.
775 3947 809 3975 de
832 3946 1014 3975 Arrestatione
1032 3949 1177 3976 Bonorum

459 3990 513 4018 fine
530 3989 617 4018 causa.
1141 3984 1177 4018 48

423 4030 473 4056 Pro
489 4031 612 4066 Hugone
626 4026 652 4055 le
666 4024 832 4066 Despeuser‚
845 4024 878 4053 de
893 4023 1180 4064 Indempnificatione.

382 4139 386 4142 θ
437 4107 563 4134 Τονη.ΙΧ.
581 4107 679 4141 mm:

1219 2001 1269 2755 Ξὲἕέἕὲἕέἒὲἓὲἕὼέἕὲἓψῖ

1223 2746 1268 2785 ᾖ

1222 2785 1248 2878 ”QQ

1245 2787 1268 2866 &effi

1222 2868 1267 2919 ,ᾗ

1215 2908 1269 4133 ἕξἒὲἕἓὲἕὲἕὲἕἓὲἓὲἓὲἕὲἕὲᾖέἕὲἕὲἕέ

2272 204 2305 244 9

1554 347 1606 374 Pro
1622 349 1743 385 Hugone
1759 347 1785 377 le
1802 348 1967 386 Despenser,
1985 348 2018 376 de
2036 347 2225 376 Conceffione.
2271 359 2308 384 50

1554 386 1596 412 Ad
1619 385 1738 422 Papam,
1764 397 1814 423 pro
1839 388 2008 424 Reymundo
2033 388 2065 414 de
2092 387 2228 423 Pynibus,
2260 398 2306 422 per

1591 423 1699 465 Regem
1722 424 1750 453 in
1774 424 1872 463 Augila
1894 426 1994 453 diutius
2015 424 2145 457 detento,
2167 424 2309 453 excusato-

1591 469 1637 490 ria.
2271 473 2305 499 5¹

1829 541 1884 568 An.
1905 548 1930 577 3.
1951 541 2000 569 Ed.
2020 549 2047 570 2.

1556 613 1607 640 Pro
1625 615 1718 651 Rege,
1739 615 1771 643 de
1784 615 1954 643 victualibus
1967 615 2150 652 providendis.
2275 620 2315 652 52'

1557 652 1608 679 Pro
1622 652 1703 679 dietis
1723 653 1926 682 Provustombus
1939 654 2072 682 solvendis
2092 664 2123 682 ex
2142 659 2226 682 xxvta
2238 652 2313 684 leva·

1591 695 1618 716 ta
1634 689 1660 716 in
1681 691 1767 719 Com.
1781 692 1904 720 Eborum
1920 694 1946 721 &
1962 692 2018 720 aliis
2032 692 2166 719 Comitat.
2273 701 2310 730 53

1558 727 1599 754 De
1623 728 1794 758 Victualibus
1814 731 1957 759 mittendis
1982 730 2066 768 usque
2087 731 2216 759 sserewic.
2234 730 2315 768 super

1595 766 1740 795 Twedam.
2276 778 2315 805 54

1558 803 1610 829 Pro
1631 805 1745 831 Comite
1765 804 1866 833 Glouc.
1882 807 1914 834 de
1933 806 2123 834 Conceffione.
2272 815 2312 843 55

1559 840 1658 869 Literae
1684 842 1894 871 Testimoniales
1919 855 1969 881 pro
1992 844 2118 882 Philippo
2141 846 2172 872 de
2198 845 2318 873 wanca-

1593 880 1647 906 don
1657 899 1663 910 ‚
1684 880 1717 907 de
1732 881 1804 907 Aure
1818 882 1905 909 amiff.
1920 892 1963 918 per
1980 882 2103 910 morsum
2123 884 2202 920 Equi.
2277 884 2316 919 56

1559 917 1611 943 Pro
1626 916 1750 946 Gilberto
1769 919 1854 947 Com.
1869 919 1971 947 Glouc.
1989 922 2022 948 de
2039 922 2124 948 Dono
2141 922 2235 958 Regis.
2278 929 2317 957 57

1561 955 1649 983 Litera
1663 956 1695 983 ad
1715 958 1811 993 Papam
1824 978 1830 989 ,
1850 967 1901 995 qua
1917 959 2005 985 cidem
2021 960 2116 987 Grates
2132 962 2222 987 retert.
2277 960 2315 995 58

1561 994 1603 1021 De
1620 995 1770 1023 Condueku
1785 1005 1834 1033 pro
1850 994 1997 1023 willielmo
2009 998 2042 1024 de
2059 995 2191 1025 Tholole.
2279 1006 2318 1033 59

1562 1032 1602 1059 Ad
1625 1033 1767 1060 Comitem
1795 1033 1937 1065 Flandriae,
1957 1034 1989 1062 de
2011 1036 2132 1063 Pecunia:
2149 1046 2163 1063 a
2181 1036 2319 1063 Mercato-

1598 1069 1671 1098 ribus
1690 1070 1781 1099 ablatae
1798 1073 1992 1100 Restitutione.
2280 1076 2317 1101 60

1562 1109 1614 1137 Pro
1636 1109 1806 1138 Vicecomite
1825 1110 1916 1150 Salop.
1933 1113 1959 1139 ὃ(
1977 1109 2106 1138 stafford.
2121 1111 2154 1138 de
2172 1109 2319 1139 Allocatio.

1597 1157 1640 1175 ne.
2281 1151 2316 1178 61

1559 1185 1643 1217 Quod
1661 1186 1794 1215 Custodes
1809 1186 2019 1225 Temporalium
2035 1185 2261 1216 fintintendentes
2273 1189 2319 1216 ln-

1595 1222 1780 1262 quisitoribus.
2279 1228 2318 1254 62

1563 1262 1635 1300 Regi
1655 1261 1792 1294 Castellae,
1809 1263 1841 1290 de
1863 1264 1936 1291 Navi
1954 1270 2038 1301 capta.
2282 1267 2318 1301 ⁶3

1564 1301 1600 1329 R.
1620 1301 1705 1328 Com.
1727 1300 1852 1330 Flandriae
1866 1303 1898 1330 ad
1914 1303 2039 1340 Regem,
2058 1303 2091 1330 de
2107 1304 2225 1331 Pecunia
2248 1312 2318 1339 prae-

1598 1339 1778 1366 mentionata.
2282 1342 2319 1377 64

1565 1375 1605 1403 Ad
1622 1376 1697 1405 Com
1725 1375 1867 1407 flandriae,
1886 1378 1918 1406 de
1933 1379 2013 1406 Viuis
2026 1379 2142 1408 detentis
2158 1379 2228 1416 apud
2251 1379 2319 1407 Bru-

1566 1423 1662 1482 Eicgigxsri
1678 1454 1806 1488 Comiti,
1825 1456 1859 1484 de
1878 1455 2127 1484 Mercimoniorum
2153 1419 2324 1483 Restitutigff

1567 1501 1784 1561 Prgeiticecom.
1807 1532 1992 1560 Nerthumbr.
2015 1531 2051 1561 Ee
2071 1531 2252 1561 Allocatione.
2272 1495 2328 1599 62}

1833 1643 1889 1673 Αιι.
1906 1654 1935 1681 4,
1957 1646 2008 1674 Ed.
2028 1655 2056 1675 2.

1527 1737 1534 1745 .
1569 1719 1622 1748 Pro
1640 1720 1785 1748 Vicecom.
1806 1720 2026 1759 Southampton.
2043 1722 2076 1750 de
2097 1721 2274 1751 Allocatione.
2294 1725 2331 1759 69

1568 1759 1622 1785 Pro
1641 1758 1771 1795 johanne
1788 1759 1821 1786 de
1845 1762 1991 1794 Warcnna5
2011 1762 2044 1789 de
2065 1763 2257 1789 Concemone.
2295 1770 2332 1798 70

1570 1797 1723 1831 Ejuimodi.
2296 1810 2329 1835 7¹

1573 1835 1624 1862 Pro
1641 1836 1722 1862 Petro
1738 1835 1770 1862 de
1789 1836 1876 1863 Novo
1891 1837 1986 1863 Castro
2003 1835 2178 1874 Chirurgico.
2293 1848 2328 1873 72

1572 1873 1614 1900 De
1634 1873 1785 1901 Condudtu
1805 1883 1855 1910 pro
1875 1875 2021 1902 Dextrariis
2036 1876 2170 1903 emendis.
2293 1885 2330 1913 73

1572 1911 1624 1939 Pro
1653 1912 1690 1939 R.
1717 1911 1931 1950 Archiepiscopo
1952 1912 2062 1940 Dublin.
2085 1920 2116 1940 ue
2137 1914 2333 1950 permittendO.

1573 1989 1659 2026 Super
1681 1988 1796 2017 Pecunia
1815 1988 1958 2018 adulterata
1972 2010 1978 2020 ‚
1995 1991 2027 2018 dc
2049 1988 2275 2019 proclamatione.
2296 1964 2334 2026 ‘7ss

1575 2028 1616 2053 De
1635 2027 1860 2056 ordinationibus
1880 2027 2088 2065 proclamandis.
2298 2031 2335 2065 76

1576 2065 1629 2092 Pro
1649 2066 1793 2094 Vicecom.
1814 2066 1914 2094 Glouc.
1934 2066 1966 2094 de
1987 2065 2167 2095 Allocaiione.
2300 2077 2336 2103 77

1574 2103 1625 2131 Pro
1639 2105 1857 2132 Vicecomitibus
1877 2106 2004 2132 London.
2025 2107 2057 2131 de
2074 2105 2251 2134 Allocatione.
2299 2106 2336 2141 78

1573 2142 1642 2179 Joh.
1657 2143 1743 2171 com.
1759 2143 1944 2171 Richemond.
1960 2143 1992 2170 de
2007 2145 2156 2171 Attornato
2170 2146 2335 2172 iubstituen-

1609 2181 1655 2209 do.
2298 2192 2336 2217 79

1576 2219 1618 2246 De
1632 2218 1716 2247 vadiis
1730 2219 1887 2248 Prisonibus
1903 2220 1934 2247 de
1950 2220 2039 2247 scotia
2054 2219 2205 2249 liberandis.
2298 2222 2335 2248 So

1575 2258 1629 2284 Pro
1645 2259 1722 2285 Petro
1736 2259 1768 2285 de
1784 2259 1922 2286 Gaveston
1934 2278 1942 2289 ,
1964 2258 1997 2285 de
2013 2259 2205 2288 Conccllione.
2299 2259 2331 2286 81
2371 2288 2375 2293 ,

1576 2296 1620 2323 De
1642 2296 1856 2333 compositione
1881 2296 1954 2325 faeta
1975 2296 2046 2324 inter
2070 2298 2206 2324 Homines
2231 2297 2338 2334 Angliae

1612 2336 1639 2363 ὅ(
1658 2335 1800 2363 Hanoniae.
2299 2336 2336 2363 82

1577 2373 1792 2439 DeiiSCondchtu
1815 2374 1847 2401 ad
1870 2379 1958 2411 partes
1974 2372 2086 2410 Hispan.
2100 2374 2132 2401 de
2145 2370 2230 2411 Equis
2245 2383 2342 2449 emegii

1576 2449 1629 2476 Pro
1647 2448 1793 2484 Radulpho
1810 2449 1843 2476 de
1859 2450 1957 2477 Monte
1983 2451 2133 2480 Hermerii,
2153 2451 2184 2478 de
2208 2451 2339 2479 Custodia

1615 2488 1762 2514 Terrarum
1778 2490 1805 2515 &
1825 2489 2065 2516 Tene-mentorum
2075 2487 2196 2516 Thomae
2210 2490 2242 2517 de
2256 2490 2339 2517 Meri<

1611 2524 1741 2552 concessa.
2299 2528 2338 2563 84.

1576 2563 1619 2589 De
1639 2564 1788 2591 eonducta
1807 2573 1856 2600 pro
1878 2562 1971 2602 Equi&¹
1982 2565 2115 2594 emendis,
2300 2566 2340 2598 ὃς

1574 2600 1628 2628 Pro
1644 2600 1788 2628 vicecom.
1804 2602 1927 2630 Eborurn
1939 2624 1946 2634 ,
1965 2604 1996 2631 de
2015 2603 2193 2631 Allocatione.
2301 2604 2340 2631 86

1574 2640 1659 2676 Super
1673 2639 1762 2667 Cursu
1780 2641 1919 2672 Monetae,
1941 2642 1973 2669 de
1990 2641 2216 2670 proclamatione.
2300 2641 2339 2678 87

1574 2678 1627 2705 Pro
1644 2676 1770 2715 collegio
1786 2678 1820 2705 de
1840 2680 1951 2706 Mertou
1973 2681 2070 2708 Oxon.
2088 2681 2120 2708 de
2145 2680 2340 2710 Conceffione.

1574 2754 1616 2783 De
1638 2754 1759 2783 Comitis
1785 2755 1944 2783 Lancastriae
1970 2755 2109 2784 Fidelitate
2125 2757 2196 2794 Regi
2213 2757 2339 2794 praestita,

1574 2831 1626 2860 Pro
1644 2832 1721 2860 disto
1742 2832 1828 2860 Com.
1848 2831 2024 2865 Lancastriae,
2043 2834 2077 2861 de
2094 2833 2185 2861 Terris
2201 2842 2236 2861 ex
2254 2842 2339 2862 manu.

1613 2871 1697 2907 Regis
1713 2870 1899 2899 deliberandis.
2300 2882 2338 2905 90

1576 2910 1617 2936 De
1634 2909 1901 2946 Transgressionibus
1917 2908 2086 2936 Hominibus
2106 2910 2228 2936 Franciae
2246 2908 2336 2942 illatis,

1607 2947 1640 2974 de
1656 2946 1832 2984 inquirendo.
2293 2956 2330 2982 91

1574 2985 1627 3011 Pro
1659 2984 1771 3013 Thoma
1798 2987 1825 3013 ὃ(
1851 2983 1999 3012 Edmundo
2023 2985 2157 3014 Fratribus
2186 2985 2285 3022 Regis,
2303 2987 2339 3014 de

1608 3022 1768 3059 Qercubus
1783 3032 1816 3051 ex
1834 3023 1942 3053 Foresta
1957 3023 1989 3049 de
2007 3022 2097 3050 Chute
2115 3023 2258 3050 conceffis.
2298 3033 2337 3057 92

1575 3062 1627 3088 Pro
1652 3061 1796 3098 Radulpho
1819 3062 1853 3089 de
1877 3062 1976 3087 Monte
1992 3061 2143 3091 Hermerii,
2165 3068 2197 3087 ue
2213 3062 2340 3090 Conces-

1609 3099 1683 3126 sione
1705 3099 1843 3136 Maritagii
1869 3099 2022 3126 Comitiss'ae
2051 3098 2176 3126 Lincoln.
2198 3100 2337 3129 conccss'o.

2294 3148 2331 3174 93

1574 3176 1616 3203 De
1630 3175 1761 3203 Custodia
1781 3173 1957 3213 Episcopatus
1974 3174 2109 3204 Dunolm.
2124 3176 2279 3203 commissa.
2299 3186 2339 3213 94

1574 3215 1626 3242 Pro
1652 3213 1798 3252 Radulpho
1823 3215 1856 3241 de
1873 3215 1972 3240 Monte
1989 3213 2141 3244 Hermerii,
2163 3216 2195 3241 de
2211 3215 2336 3242 Conces-

1574 3252 1902 3328 Defissrkaunsgressionibus
1923 3290 2093 3318 Hominibus
2110 3291 2227 3317 Franciae
2245 3289 2337 3320 illatis.

1573 3368 1624 3395 Pro
1652 3367 1767 3394 Simone
1790 3368 1822 3395 de
1845 3365 1867 3394 la
1884 3365 1999 3398 Roche,
2020 3366 2051 3394 de
2067 3366 2189 3393 Mercato
2207 3369 2235 3395 &
2258 3331 2337 3396 peffi

1608 3405 1750 3433 conceffis.
2295 3414 2334 3441 97

1573 3445 1615 3471 De
1648 3443 1779 3471 Custodia
1813 3441 1989 3481 Episcopatus
2012 3440 2151 3471 Dunolm.
2173 3444 2332 3472 commista.

1572 3522 1624 3548 Pro
1644 3520 1785 3546 Vicecom.
1806 3519 1992 3546 Northunibr.
2007 3519 2040 3546 de
2058 3517 2235 3547 Allocatione.
2289 3481 2331 3554 ἓξ

1572 3560 1613 3586 De
1636 3559 1724 3584 Cruce
1746 3556 1847 3594 lapidea
1870 3564 1945 3585 extra
1964 3558 2072 3586 Bau-am
2104 3559 2183 3586 Novi
2212 3558 2326 3594 Templi

1608 3597 1736 3623 London.
1757 3597 1906 3631 reparanda.
2274 3605 2328 3623 100

1569 3635 1610 3661 De
1634 3634 1765 3660 Custodia
1796 3633 1972 3672 hpiscopatfis
2004 3632 2141 3662 Dunolm.
2169 3633 2328 3664 commissa.

2277 3681 2324 3700 101

1570 3712 1610 3738 Dc
1623 3709 1834 3747 Conrpofitione
1851 3709 1923 3738 fasta
1940 3709 2010 3737 inter
2024 3712 2129 3746 Regem
2150 3711 2177 3738 ὅ(
2194 3710 2323 3738 Nuncios

1603 3749 1722 3776 Comitis
1740 3747 1875 3776 Flandriae.
2273 3758 2323 3776 102

1566 3788 1617 3814 Pro
1641 3786 1785 3823 Radulpho
1809 3788 1841 3814 de
1865 3788 1962 3815 Monte
1979 3785 2129 3817 Hermerii,
2147 3786 2179 3813 dc
2197 3786 2325 3813 Satist'ac-

1603 3826 1678 3852 tione
1695 3834 1743 3862 pro
1760 3834 1832 3859 5000
1852 3826 1957 3853 Marcis.
2270 3833 2322 3859 ¹03

1566 3864 1609 3890 De
1627 3863 1806 3891 Arrestatione
1820 3863 1946 3902 Stephani
1963 3862 1995 3888 de
2009 3860 2181 3899 Staplebrigg
2191 3860 2323 3897 Templa-

1602 3911 1634 3928 rn
2270 3907 2323 3935 104.

1567 3940 1608 3967 De
1629 3938 1765 3968 Fidelitate
1781 3938 1901 3968 Comitis
1924 3939 2090 3966 Lancastriae.
2268 3944 2322 3971 105

1567 3977 1618 4005 Pro
1638 3978 1779 4006 Vicecom.
1800 3975 1887 4003 Wilrs.
1907 3977 1939 4003 dc
1954 3976 2131 4004 Allocatione.
2267 3975 2320 4001 106

1568 4017 1618 4044 Pro
1637 4017 1782 4053 Radulpho
1801 4015 1833 4042 de
1853 4015 1949 4042 Monte
1968 4014 2118 4045 Hermerii,
2136 4014 2167 4040 de
2185 4012 2318 4042 Custodia

1603 4055 1746 4084 Terrarum
1767 4057 1795 4083 ὃς
1815 4055 2055 4083 Tenementorum
2073 4052 2207 4089 johannis
2225 4060 2270 4118 ap‘¹
2280 4052 2319 4079 Α-

1931 4092 1953 4120 Β
2271 4096 2318 4118 am
