2561 4263
1 221 84 255 Anu.
97 213 143 243 ἶ).
160 222 244 249 rum,
262 215 308 240 aut
330 206 415 244 alibi,
433 212 480 235 aut
507 201 645 240 prefatum
668 202 700 229 T.
716 200 746 228 T.
767 197 814 228 vel
835 195 972 225 Uxorem
994 191 1071 221 suam
1094 183 1224 226 prosequi
1262 189 1345 211 motu
1359 178 1478 217 nostris,
1497 187 1550 216 pro

28 258 116 296 1635.
162 263 215 290 pro
236 248 323 280 causis
339 243 473 284 predistis
490 249 619 275 tantum,
643 236 721 276 quod
745 244 815 266 tunc
838 235 871 264 &
896 233 978 262 toties
1002 230 1038 260 de
1053 234 1182 263 tempore
1196 223 1227 252 in
1269 219 1397 250 cedimus
1411 217 1507 249 eidem
1521 218 1554 247 T.

9 303 61 328 Aa.
86 303 127 321 ii·
161 299 273 327 tempus
288 311 298 325 ,
325 286 372 323 ipsi
392 285 425 315 ἃ
447 281 564 318 quilibet
582 286 703 312 eorum,
728 274 828 305 eadem
847 274 880 303 Sc
900 268 1056 307 quamlibet
1079 265 1146 295 inde
1167 270 1230 300 par-

9 342 73 366 Car.
95 342 122 360 i.
163 339 245 366 tem,
263 325 422 356 liberabunt
442 321 487 351 vel
508 317 617 347 liberari
637 314 807 349 cauiabunt,
834 313 867 342 ὅτ.
887 308 985 339 Brevia
1004 307 1040 336 de
1059 300 1232 342 supersedeas

165 377 213 400 aut
241 365 394 395 certiorari
408 383 418 398 ,
441 367 488 389 aut
506 357 556 386 alia
577 354 676 385 Brevia
694 353 798 381 sacient
817 350 850 379 δε
868 348 928 378 fieri
947 345 1098 376 causabunt
1111 364 1120 378 ,
1145 346 1232 377 prout

169 406 248 439 casus
275 402 416 440 requiret,
434 398 511 433 super
535 393 740 431 inspec‘iionem
768 390 867 418 harum
894 387 1049 416 Literarum
1073 379 1234 411 nostrarum

167 444 334 478 Patentium
355 438 399 469 vel
423 433 628 466 irretulamenti
651 430 695 460 vel
717 424 992 463 Exemplisicationis
1015 420 1101 457 inde,
1124 415 1234 455 prefato

170 490 202 516 T.
224 485 267 512 M.
287 482 320 511 δί
342 477 451 516 prefato
470 478 500 503 T.

171 533 232 562 quo
247 521 402 555 Compoto
420 522 466 543 aut
484 511 572 547 aliqua
589 509 638 539 alia
658 517 687 537 re
708 505 773 535 inde
793 502 912 538 Nobis,
928 498 1087 529 Heredibus
1104 495 1150 526 vel
1166 493 1239 523 Suc-

173 560 328 594 cefforibus
349 553 449 584 nostris
468 548 616 580 reddendo
633 547 689 576 sive
707 542 840 573 faciendo
855 563 864 577 ,
890 546 1068 576 pre'erquam
1091 533 1242 564 Solutione

173 601 244 632 dieti
259 596 397 628 Redditus
410 592 442 619 «Sc
457 589 515 618 aliis
533 586 633 616 Nobis
650 583 791 613 reservatis
810 580 841 609 δε
861 578 956 614 salvis,
975 587 1006 606 ut
1018 572 1245 612 prefertur,&c.

519 475 550 501 T.
571 468 780 501 Executoribus
806 466 838 494 St
857 461 1008 500 Affignatis
1025 459 1093 495 suis,
1113 457 1169 486 sine
1188 453 1238 482 ali-

216 637 262 668 Ut
286 634 398 666 ulterius
422 629 457 658 dc
475 625 585 663 speciali
605 621 695 662 gratia
720 618 835 656 nostra,
851 627 904 654 pro
931 615 1029 645 Nobis
1047 637 1056 650 ,
1084 610 1245 641 Heredibus

25 699 44 718 a*
56 695 140 724 XIX·
177 680 211 710 δὲ
227 670 441 707 Success‘oribus
461 664 576 700 nostris,
603 664 704 690 damus
723 660 757 689 &
777 656 967 688 concedimus
986 653 1095 690 prefato
1114 650 1133 669 ²*
1150 651 1180 679 T.
1202 649 1246 676 M.

26 736 91 773 743.

187 1453 245 1485 ,νεὶ
264 1443 476 1482 Provisionibus
497 1436 713 1479 quibuscunque
736 1433 764 1464 in

179 700 694 747 Executoribus,Administratoribus
714 698 747 727 &
767 696 918 731 Affignatis
934 694 1000 729 iuis,
1014 689 1093 728 quod
1107 687 1248 726 predhstus

179 759 212 786 T.
232 756 276 783 M.
297 751 470 781 Executores
492 743 524 771 δε
547 738 686 777 Affignati
708 737 746 766 sui
770 736 883 773 plenam
910 731 1077 769 potestatem
1100 730 1132 758 &
1149 726 1249 756 autho-

182 796 292 826 ritatem
318 797 367 825 per
391 782 528 822 presentes
549 778 583 809 ad
606 775 819 813 beneplacitum
842 773 921 802 suum
940 771 1038 800 habeat
1061 769 1093 797 &
1110 765 1249 801 habeant,

182 827 359 864 dimittendi,
378 817 558 853 concedendi
578 817 611 847 <Sc
632 815 667 845 ad
693 813 807 843 firmam
826 810 950 842 tradendi
975 804 1105 846 premissa
1127 802 1251 841 predicta

183 881 234 910 per
254 866 390 906 presentes
407 857 516 890 dimiss'a
533 856 578 887 vel
596 854 770 885 mentionata
789 852 850 880 sore
867 846 995 883 dimissa,
1015 845 1059 876 vel
1070 844 1191 882 aliquam
1208 842 1251 870 in—

184 911 222 940 de
241 913 347 944 partem
365 925 374 938 ,
401 909 454 939 pro
473 897 568 934 aliquo
587 902 708 923 numero
723 898 868 921 annorum
894 886 966 916 infra
985 884 1139 915 terminum
1159 879 1251 917 predi-

184 948 286 982 Ctum,
301 944 363 973 &a
385 939 428 969 vel
449 932 609 972 assignandi
628 929 799 968 totumJus,
817 926 967 962 Interesse,
980 922 1114 953 Tituluni
1131 920 1163 950 &
1183 917 1252 948 Cla-

185 993 285 1016 meum
304 981 385 1011 suum
404 976 440 1007 de
458 976 491 1006 &
510 975 538 1003 in
560 969 721 1006 Premiffis,
738 969 844 997 virtute
862 964 1033 1003 presentium
1051 959 1157 998 prefato
1172 960 1203 987 T.
1218 959 1250 985 T.

187 1025 233 1055 vel
253 1022 339 1053 alicui
357 1018 408 1049 alie
429 1014 546 1053 persone
566 1010 612 1041 vel
629 1008 755 1048 perionis
773 1004 1007 1044 quibuscunque,
1025 1000 1059 1030 ad
1080 998 1160 1029 usum
1177 995 1248 1026 diffi

189 1066 220 1093 T.
235 1065 266 1092 T.
285 1060 329 1091 vel
349 1058 425 1088 aliter
443 1056 475 1085 ὅτ.
492 1061 544 1091 pro
561 1046 728 1083 relaxando,
755 1045 849 1083 quiete
869 1040 1019 1072 clamando
1037 1040 1071 1070 ὃς
1091 1044 1247 1066 exoneran—

189 1103 230 1133 do
248 1107 351 1130 omnes
376 1096 408 1126 &
431 1090 547 1128 singulas
564 1087 712 1125 personam
731 1084 763 1114 δε
781 1082 910 1120 personas
927 1078 1128 1118 quascunque,
1153 1073 1247 1104 Here-

188 1142 253 1176 des,
273 1137 462 1169 ExecutoreS,
484 1125 733 1159 Administratores
752 1123 785 1153 &
809 1119 964 1159 Affignatos
981 1118 1063 1154 sum,
1080 1116 1133 1152 de,
1153 1113 1248 1152 pro&

188 1182 383 1211 concernente
401 1168 525 1209 predicta
542 1163 672 1204 premissa
686 1161 731 1191 vel
747 1161 867 1198 aliquam
883 1158 949 1187 inde
964 1164 1091 1195 partem,
1110 1152 1252 1183 Acetiam

189 1215 376 1250 habendum,
392 1207 548 1241 tenendum
567 1206 601 1236 &
619 1199 800 1242 gaudendum
819 1195 958 1227 Premissa
976 1193 1103 1231 predista
1120 1193 1154 1223 &
1172 1188 1251 1220 Red-

191 1258 266 1289 ditus
283 1254 316 1285 &
336 1249 465 1292 proficua
477 1244 561 1281 inde,
579 1242 613 1273 ad
632 1241 722 1271 solum
740 1240 773 1270 &
793 1236 939 1275 proprium
959 1243 1032 1271 opus
1047 1233 1080 1263 &
1094 1230 1176 1260 usum
1193 1237 1254 1297 fge-

193 1296 262 1327 dieti
287 1296 318 1323 T.
336 1293 367 1320 T.
387 1288 499 1318 Statuto
517 1282 596 1314 facto
620 1282 648 1310 in
667 1287 742 1310 anno
761 1279 843 1306 tertio
864 1273 958 1312 Regni
978 1268 1179 1309 precharissimi
1223 1277 1252 1295 a·

195 1335 245 1366 tris
266 1330 352 1363 nostri
369 1324 472 1367 Jacobi
487 1325 565 1360 Regis
586 1317 709 1356 Anglie,
727 1316 788 1346 &c.
815 1313 972 1347 intitulato,
992 1313 1045 1339 An
1064 1309 1125 1338 Αέῖ
1140 1305 1186 1345 for
1205 1304 1253 1334 the

194 1375 284 1405 better
302 1369 437 1409 discovery
451 1362 512 1393 and
525 1357 665 1397 repreffing
682 1354 717 1395 of
730 1352 821 1391 Popffh
838 1350 1005 1390 Recufimts,
1024 1356 1070 1377 aut
1087 1347 1181 1384 aliquo
1199 1344 1255 1374 alio

196 1414 311 1445 Statuto
325 1432 334 1447 ,
361 1405 406 1436 vel
433 1401 573 1439 aliquibus
591 1398 650 1427 aliis
669 1394 802 1430 Statutis,
828 1390 951 1421 aeribus
965 1410 975 1426 ,
995 1385 1252 1421 Ordinationibus,

345 1447 350 1452 ”
781 1429 955 1464 contrarium
974 1426 1040 1459 inde
1057 1434 1117 1456 non
1137 1420 1255 1454 obstan-

161 1492 164 1496 ’
193 1492 278 1524 tibus.

101 3674 122 3694 ὅ
141 3672 213 3701 XIX

102 3721 167 3749 ²49-

238 1531 350 1561 Damus
368 1525 454 1559 etiam
471 1523 504 1555 &
523 1517 729 1556 concedimus,
746 1522 799 1555 pro
819 1510 940 1549 Nobis,
959 1506 1120 1540 Heredibus
1135 1504 1169 1536 ὃς
1184 1502 1257 1534 Suc-

201 1569 359 1602 cessoribus
372 1565 473 1596 nostris
492 1571 542 1601 per
561 1559 716 1599 presentes,
734 1554 842 1593 prefato
859 1556 889 1582 T.
909 1553 940 1580 T.
960 1549 1072 1586 plenam
1092 1543 1260 1583 potestatem

201 1610 236 1641 &
255 1607 436 1641 facultatem,
454 1600 532 1640 quod
548 1598 606 1636 ipse
624 1602 654 1627 T.
673 1600 704 1625 T.
725 1594 804 1624 usum
819 1616 829 1629 ,
853 1591 940 1621 exitus
962 1590 995 1618 &
1020 1584 1147 1624 proficua
1164 1580 1260 1611 dieto-

201 1658 268 1679 tum
286 1643 505 1686 premissorum,
523 1646 640 1669 necnon
658 1635 756 1665 eadem
775 1629 923 1669 premissi,
944 1636 991 1664 per
1010 1623 1147 1654 arsensum
1168 1618 1259 1658 prefa-

201 1688 223 1718 ti
248 1689 278 1716 T.
299 1687 342 1714 M.
365 1682 575 1714 Executorum,
603 1672 874 1706 Administratorum
892 1666 938 1698 vel
959 1663 1176 1701 Affignatorum
1195 1658 1260 1688 suo-

201 1735 267 1756 rum
286 1725 321 1753 de
341 1729 455 1754 cetero,
473 1718 590 1748 durante
607 1713 733 1744 termino
753 1707 900 1747 predieto,
919 1705 1043 1740 habere,
1062 1709 1174 1736 tenere,
1191 1706 1261 1735 gau-

199 1764 281 1801 dere,
301 1759 439 1800 poffidere
458 1758 491 1788 ὅ(
510 1763 632 1790 recipere
649 1751 736 1782 valeat
753 1750 784 1779 ὃς
805 1745 905 1785 possit,
923 1744 958 1774 ad
977 1741 1126 1780 proprium
1141 1746 1214 1775 opus
1227 1736 1261 1766 &

201 1802 282 1834 usum
308 1800 390 1838 ipsius
413 1799 444 1827 T.
467 1798 499 1825 T.
517 1795 550 1825 ὃς
570 1791 660 1830 ipsum
679 1790 713 1819 ad
734 1787 834 1819 eadem
850 1782 1033 1818 habendum,
1060 1775 1264 1817 gaudendum,

200 1838 424 1880 possidendum,
442 1832 638 1871 recipiendum
656 1829 689 1859 &
709 1824 906 1862 retinendum,
925 1821 1048 1853 habilem
1071 1819 1105 1850 &
1127 1824 1263 1854 capacem

201 1881 325 1912 facimus
342 1879 371 1907 in
388 1873 525 1906 omnibus
543 1880 592 1911 per
609 1868 765 1906 presentes,
792 1864 905 1895 Statuto
931 1861 1035 1892 ultimo
1062 1857 1262 1892 mentionato,

202 1919 250 1950 vel
267 1918 363 1955 aliquo
378 1915 434 1945 alio
449 1911 563 1943 Statuto
577 1933 587 1947 ,
612 1906 805 1937 Ordinatione
819 1925 829 1941 ,
854 1901 932 1932 Αὲὶυ
950 1899 997 1931 vel
1015 1895 1182 1928 Provisione
1200 1893 1265 1932 qui-

202 1957 370 1994 buscunque
384 1954 413 1983 in
432 1950 608 1983 contrarium
628 1945 694 1976 inde
713 1946 742 1974 in
759 1942 856 1980 aliquo
874 1949 932 1970 non
951 1937 1093 1968 obstante.

244 1997 280 2028 Et
306 1993 419 2025 ulterius
436 1990 568 2021 volumus
586 1986 619 2017 ὃ(
641 1982 848 2018 concedimus,
866 1981 899 2011 &
925 1987 974 2016 per
989 1975 1126 2014 presentes
1143 1971 1266 2012 precipi-

205 2046 271 2069 mus
289 2035 322 2066 &
340 2030 505 2062 mandamus
519 2025 655 2057 omnibus
674 2024 707 2054 ὃ(
727 2018 961 2060 fingulisClericis
975 2015 1127 2046 Affisarum
1145 2013 1179 2043 &
1194 2011 1262 2042 Cle-

206 2077 271 2106 ricis
286 2073 367 2105 Pacis
382 2071 413 2100 in
433 2067 563 2107 quolibet
583 2063 732 2094 Comitatu
751 2058 846 2096 Regni
864 2055 953 2087 nostri
968 2054 1087 2092 Anglie,
1106 2051 1184 2091 quod
1200 2049 1264 2080 nul-

204 2114 268 2145 lum
286 2112 390 2143 faciant
409 2109 454 2138 vel
473 2106 604 2136 emittant
623 2101 713 2132 Breve
728 2098 775 2130 vel
794 2097 893 2128 Brevia
907 2118 917 2134 ,
939 2093 1106 2124 Proceffum
1126 2090 1172 2122 vel
1192 2089 1266 2120 Pro—

206 2152 317 2189 cessus,
335 2149 523 2179 Warrantum
537 2142 583 2174 vel
596 2142 766 2176 Warranta,
794 2146 847 2175 pro
867 2132 1129 2173 comparationibus
1151 2129 1196 2160 vel
1215 2138 1251 2168 ap

206 2189 396 2230 parationibus
415 2183 534 2224 predicti
550 2185 581 2211 Τ.
600 2183 631 2210 T.
657 2187 704 2209 aut
721 2176 833 2208 Uxoris
855 2174 901 2205 sue
913 2195 922 2211 ,
948 2171 984 2203 ad
1003 2170 1101 2202 Assisas
1126 2169 1172 2200 vel
1191 2168 1264 2198 Affi-

207 2231 283 2266 sam,
299 2226 458 2267 generalem
478 2221 574 2253 Goale
593 2217 837 2249 Deliberationem
849 2236 858 2252 ,
875 2214 922 2244 vel
945 2209 1112 2249 generalem
1132 2207 1177 2238 vel
1196 2216 1265 2245 qua-

206 2269 332 2301 terialem
351 2263 509 2296 Seffionem
533 2259 580 2290 vel
597 2257 736 2288 Seffiones
757 2254 836 2285 Pacis
853 2276 863 2291 ,
889 2260 943 2289 pro
969 2248 1136 2279 Recusantia
1154 2255 1266 2278 tantum

232 2307 330 2338 redic‘ti
349 2307 380 2334 T.
397 2306 428 2333 T.
448 2301 492 2331 vel
512 2297 623 2329 Uxoris
642 2295 742 2332 ipsius,
770 2292 807 2323 Et
825 2291 902 2329 quod
922 2289 940 2319 ii
960 2287 1102 2326 predici'us
1118 2288 1149 2315 T.
1168 2288 1201 2315 T.
1219 2284 1266 2316 vel

249 2356 301 2376 xor
318 2344 380 2383 ejus
399 2343 428 2372 in
447 2338 578 2370 Personis
591 2359 600 2375 ,
628 2333 727 2365 Terris
745 2332 791 2362 vel
810 2330 896 2361 Bonis
912 2329 963 2358 suis
980 2327 1077 2364 aliquo
1098 2323 1188 2354 modo
1205 2332 1265 2362 gra-

209 2395 332 2422 ventur,
351 2382 460 2412 ratione
476 2377 591 2414 alicujus
608 2373 669 2404 talis
684 2369 852 2406 Proceffus,
871 2366 950 2406 quod
966 2374 1055 2402 tunc,
1074 2363 1153 2402 super
1171 2362 1269 2393 osten-

211 2425 322 2456 sionem
339 2422 441 2452 harum
460 2418 618 2448 Literarum
633 2410 792 2442 nostrarum
811 2407 973 2438 Patentium
993 2403 1100 2435 abinde
1114 2403 1269 2432 liberentur

209 2465 244 2495 ὃς
267 2461 523 2500 acquietabuntur,
541 2451 678 2493 quamdiu
693 2448 834 2481 Redditus
849 2444 992 2485 predictus
1005 2452 1054 2482 per
1070 2439 1208 2480 presentes
1228 2448 1271 2469 re-

208 2502 328 2534 servatus
343 2499 440 2530 debite
455 2497 558 2527 solutus
571 2491 663 2523 fuerit.

251 2541 290 2572 Et
306 2540 436 2575 ulterius,
454 2536 490 2566 de
504 2531 593 2573 gratia
605 2528 700 2561 nostra
717 2527 840 2566 speciali,
859 2523 1011 2561 volumus,
1030 2519 1220 2553 concedimus
1238 2518 1272 2549 δε

211 2591 264 2620 per
278 2579 416 2617 presentes
431 2574 611 2609 mandamus,
627 2578 681 2607 pro
696 2567 812 2603 Nobis,
829 2562 992 2595 Heredibus
1009 2561 1042 2592 &
1060 2558 1273 2590 Successoribus

213 2618 316 2651 nostris
334 2626 383 2655 per
402 2613 554 2652 presentes,
579 2609 657 2647 quod
674 2605 817 2645 predictus
837 2606 869 2633 T.
887 2606 914 2631 T.
932 2600 1048 2631 durante
1069 2598 1218 2629 Solutione
1229 2595 1273 2624 di-

213 2659 255 2689 cti
272 2656 428 2691 Redditus,
447 2651 526 2682 nullo
542 2648 633 2679 modo
648 2648 768 2681 citetur,
787 2639 1073 2675 excommunicetur,
1091 2635 1274 2671 attachietur,

214 2695 428 2734 imprisonetur,
445 2698 492 2721 aut
507 2688 564 2718 fine
575 2687 621 2716 seu
635 2684 743 2715 mulCta
751 2681 935 2720 pecuniarum
945 2677 1116 2715 inquietetur
1126 2676 1170 2704 seu
1179 2674 1275 2711 aliquo

213 2736 271 2767 alio
289 2733 379 2764 modo
397 2736 547 2770 gravetur,
570 2725 677 2755 ratione
695 2730 806 2752 tantum
824 2716 994 2749 Recusantie
1021 2714 1067 2744 sue
1093 2713 1139 2743 vel
1166 2711 1277 2742 Uxoris

214 2777 280 2811 sue,
300 2781 350 2811 per
360 2765 627 2807 aliquemJudiqem
642 2762 697 2790 sive
706 2759 821 2798 Judices
840 2753 1068 2789 Ecciefiasticos,
1087 2749 1277 2781 Commiffio-

217 2814 332 2844 narium
351 2808 396 2839 vel
421 2801 682 2836 Commissionariis
707 2807 760 2836 pro
785 2795 870 2826 causis
888 2791 1109 2827 Ecclesiasticis,
1136 2789 1182 2819 vel
1209 2788 1277 2818 alios

217 2846 504 2883 CommissionariOS,
524 2839 674 2873 Ministros
699 2837 743 2867 vel
769 2834 905 2865 Subditos
931 2829 1043 2861 nostros
1063 2827 1214 2858 Heredum
1234 2825 1281 2856 vel

219 2888 420 2921 Successorum
438 2882 604 2913 nostrorum
623 2876 829 2916 quoscunque,
851 2871 917 2901 Nec
938 2878 971 2898 ex
986 2867 1069 2899 causa
1088 2865 1232 2904 predicta,
1250 2866 1280 2894 in

223 2929 332 2961 Domo
355 2926 401 2956 seu
420 2925 451 2954 in
467 2920 552 2952 Bonis
570 2915 735 2949 molestetur
792 2921 841 2952 per
860 2910 967 2945 aliquos
986 2905 1138 2936 Ministros
1157 2904 1282 2934 Camere

221 2966 339 3003 nostre,
363 2972 410 2994 aut
434 2961 544 2998 aliquos
569 2957 637 2987 alios
656 2936 808 2985 Ministros
826 2957 873 2979 aut
892 2943 1157 2986 Subditos-nostros
1174 2942 1284 2981 generis

221 3002 436 3045 hujujusmodi,
461 2997 512 3029 nisi
531 3007 579 3034 per
598 2992 714 3033 speciale
734 2990 923 3021 Warrantum
941 2984 1127 3020 subscriptum
1148 2991 1195 3019 per
1215 2979 1285 3010 Nos

221 3047 268 3077 vel
290 3044 435 3074 Privatum
454 3035 616 3067 Consilium
637 3030 784 3067 nostrum,
801 3025 950 3058 Heredum
964 3025 997 3055 &
1011 3021 1215 3054 Succefforum
1229 3029 1282 3049 no-

225 3084 352 3115 strorum
368 3077 537 3110 nominatim
551 3074 664 3103 suerunt
679 3068 837 3107 specificati.

263 3122 301 3152 Et
317 3119 430 3150 ulterius
446 3115 579 3146 volumus
593 3114 625 3144 ὃς
635 3108 838 3143 concedimus,
853 3115 886 3136 ac
898 3113 946 3142 per
955 3101 1090 3140 presentes
1103 3098 1286 3138 precipimus,

226 3171 281 3198 pro
299 3158 417 3193 Nobis,
444 3152 607 3184 Heredibus
631 3150 665 3180 &
688 3145 903 3177 Succelioribus
929 3140 1049 3177 nostris,
1073 3138 1151 3178 quod
1170 3139 1288 3166 durante

228 3199 354 3230 termino
381 3193 528 3233 predicto,
553 3191 585 3220 &
612 3186 748 3225 quamdiu
768 3182 907 3213 Redditus
925 3179 1064 3216 predic‘ius
1087 3178 1190 3207 solutus
1206 3174 1290 3204 fucrit

232 3237 323 3267 modo
342 3236 375 3265 ὃς
393 3236 485 3263 soi-ma
504 3227 636 3268 predic-ftis
651 3249 661 3264 ,
687 3223 762 3253 nulla
788 3221 904 3259 persona
923 3218 967 3248 vel
987 3216 1104 3254 persone
1120 3217 1147 3244 in
1169 3213 1289 3243 nomine

230 3274 334 3306 nostro
354 3271 504 3302 Heredum
523 3267 568 3299 vel
583 3262 786 3296 Succefforum
803 3258 984 3293 nostrorum,
1011 3255 1058 3284 vel
1078 3255 1108 3284 in
1126 3252 1291 3283 nominibus

233 3315 286 3345 suis
304 3311 441 3349 propriis,
458 3309 578 3345 aliquam
597 3303 770 3338 Adiionem,
789 3298 902 3328 Sediam
914 3319 923 3334 ,
945 3294 1062 3330 Billam,
1084 3292 1228 3322 Placitum
1244 3289 1289 3319 seu

234 3350 474 3384 Informationcm
496 3344 695 3382 prosequantur
713 3338 759 3370 vel
775 3336 906 3376 prosequi
925 3333 1055 3369 causent,
1080 3339 1181 3361 contra
1200 3328 1293 3366 predi-

236 3392 319 3423 &um
339 3392 369 3416 T.
386 3389 416 3415 T.
438 3395 488 3422 pro
508 3381 677 3414 Recusantia
692 3385 806 3408 tantum
820 3376 866 3405 sua
883 3381 931 3404 aut
950 3370 1059 3400 Uxoris
1077 3370 1123 3400 sue
1139 3376 1187 3399 aut
1206 3368 1294 3397 ratio—

238 3439 276 3460 ne
299 3425 416 3462 alicujus
443 3421 639 3452 lndic‘iamenti
665 3417 712 3448 vel
730 3413 932 3444 Convietionis
950 3418 1060 3439 tantum
1080 3418 1132 3446 pro
1150 3405 1297 3437 Recusan-

239 3468 278 3499 tia
294 3465 376 3506 ipsius
391 3466 420 3492 T.
439 3465 470 3491 T.
487 3470 534 3490 aut
551 3460 665 3495 alicujus
686 3453 847 3485 Penalitatis
865 3460 911 3481 aut
933 3447 1125 3479 Forisfaeture
1143 3444 1295 3475 occasione

241 3506 327 3542 inde,
346 3502 393 3533 vel
410 3510 462 3538 pro
474 3498 641 3528 Recusantia
658 3502 771 3525 tantum
792 3490 900 3520 Uxoris
913 3489 975 3524 sue,
995 3485 1033 3516 Et
1050 3485 1128 3522 quod
1154 3493 1207 3514 nec
1225 3482 1298 3512 Pro-

242 3542 420 3574 thonotarius
443 3537 531 3567 Curre
554 3535 647 3565 nostre
664 3533 699 3563 ad
716 3530 837 3566 placita,
855 3528 900 3557 vei
920 3525 1004 3563 aliqui
1023 3524 1067 3554 alii
1093 3522 1237 3552 Officiarii
1255 3523 1302 3553 vel

243 3580 372 3613 Ministri
389 3577 503 3612 alicujus
525 3574 592 3603 alius
611 3572 698 3602 Curie
717 3568 829 3603 nostre,
848 3564 958 3603 aliquod
977 3562 1032 3593 tale
1048 3563 1075 3590 in
1095 3561 1239 3598 posterum
1260 3569 1303 3588 re-

247 3621 353 3659 cipiant
370 3617 415 3647 vel
435 3615 584 3644 admittant
602 3610 689 3651 Breve
708 3608 751 3637 vel
773 3606 886 3640 Brevia,
914 3602 1009 3637 Salias,
1029 3600 1150 3637 Placita,
1167 3597 1305 3636 Querelas

249 3659 307 3690 sive
326 3654 544 3690 informationes
562 3654 654 3678 verius
670 3648 688 3666 ²¹¹
706 3647 883 3683 prefatumT.
902 3645 931 3670 T.
951 3641 993 3670 vel
1009 3637 1142 3667 Uxorem
1159 3640 1241 3674 iplius
1258 3645 1309 3672 pro

254 3695 342 3727 causis
355 3692 500 3731 predietis-7
520 3689 557 3719 Et
571 3686 648 3723 quod
665 3685 682 3714 si
697 3685 755 3713 talis
773 3682 839 3711 Bizla
854 3681 899 3711 vel
914 3678 997 3715 Bille,
1013 3676 1152 3707 Placitum
1176 3675 1220 3704 vel
1244 3673 1308 3706 Pia-

254 3737 310 3767 cita
320 3756 329 3770 ,
345 3731 514 3762 informatio
530 3726 573 3755 vel
586 3723 803 3754 informationes
818 3731 869 3757 pro
880 3718 966 3749 causis
982 3715 1112 3754 predictis
1130 3713 1220 3743 modo
1234 3713 1307 3750 sunt,

249 3774 295 3806 vel
310 3773 405 3808 aliquo
420 3775 551 3805 tempore
564 3762 749 3799 imposterum
765 3759 867 3789 fuerint
882 3757 989 3787 ibidem
1005 3753 1194 3790 dependentes
1204 3774 1213 3788 ,
1232 3753 1310 3789 quod

251 3821 323 3844 tunc
338 3811 367 3839 in
382 3806 504 3842 eisdem,
522 3803 600 3838 super
615 3802 716 3840 harum
732 3798 888 3827 Literarum
905 3794 1064 3824 nostrarum
1075 3791 1232 3821 Parentium
1243 3812 1251 3827 ,
1262 3791 1311 3820 vel

252 3845 465 3883 Irrotulameiiti
484 3842 549 3872 inde
570 3839 792 3877 inspectionem,
812 3834 902 3863 statim
929 3831 1082 3871 procedere
1106 3828 1312 3866 supersedeant,

253 3892 287 3921 ἃ
304 3887 404 3918 eadem
420 3887 573 3912 exonerent
583 3900 591 3915 ,
607 3875 758 3906 annihilent
773 3874 805 3903 ὃ(
819 3881 905 3901 vacua
915 3870 1050 3906 reddent,
1070 3867 1106 3896 Et
1122 3866 1200 3905 quod
1210 3866 1314 3896 Attor-

256 3936 335 3958 mtus
352 3922 447 3954 noster
463 3918 608 3949 Generalis
624 3923 677 3952 pro
692 3920 824 3948 tempore
838 3908 990 3944 existente,
1009 3909 1037 3936 in
1057 3906 1119 3936 casu
1135 3905 1313 3942 hujusmodi,

255 3964 480 4004 prosecutionem
498 3965 556 3985 non
575 3954 732 3991 permittat,
751 3949 797 3979 led
814 3949 849 3977 ab
863 3948 945 3977 omni
958 3945 1156 3984 prosecutione
1169 3944 1314 3980 superinde

257 4003 368 4035 desistat
385 4002 417 4030 δι
431 3995 558 4028 delistere
573 3991 701 4023 causabir.

293 4042 436 4072 Volumus
450 4036 545 4071 triani,
555 4033 588 4063 δε
598 4031 633 4061 de
647 4026 757 4067 speciali
764 4023 850 4065 gratia
859 4020 951 4053 nostra
961 4019 1054 4059 ,certi
1069 4019 1183 4051 scientia
1191 4020 1223 4051 ὃς
1232 4028 1314 4050 met-0

568 93 1369 156 coNVENTIONEQ

1447 89 1837 140 L1TERAE,

1557 176 1674 214 Nobis,
1692 174 1894 207 Heredibus&
1903 172 2120 206 Succefforibus
2133 171 2332 209 nostris,con-
2348 159 2427 191 AM·
2442 156 2484 188 D*

1563 216 1643 254 quod
1652 216 1774 253 prefatus
1788 217 1820 244 T.
1836 214 1986 244 T.durante
2000 210 2264 250 terminopredieto
2273 233 2283 249 ,
2298 210 2332 240 &
2368 204 2452 236 ¹035·

1268 258 1362 288 debita
1368 257 1517 287 Solutione
1525 255 1661 293 predicta,
1668 254 1728 284 &c.
1739 253 1784 283 vel
1793 252 1865 283 infra
1873 252 2056 292 quadraginta
2063 251 2121 282 dies
2129 249 2262 289 proxime
2270 249 2334 288 post
2348 241 2399 266 An.
2412 247 2420 264 ¹
2429 245 2437 262 ¹
2447 257 2455 263 ·

1270 296 1348 326 diem
1363 295 1520 339 Solutionis
1535 295 1602 324 inde
1616 301 1702 336 prout
1724 291 1848 329 superius
1869 291 2020 328 limitatur,
2040 300 2090 328 per
2105 289 2221 327 aliquod
2243 287 2335 318 Breve

1272 335 1319 365 vel
1332 334 1430 364 Brevia
1445 333 1490 363 vel
1504 330 1673 362 Processum
1689 330 1832 367 aliquem,
1852 338 1899 359 aut
1920 329 2016 366 aliquo
2032 330 2090 359 alio
2113 328 2224 365 mode,
2243 327 2333 358 nulla-

1273 381 1354 403 tenus
1370 371 1618 416 compellatur,ad
1627 369 1858 407 comparendum
1868 377 1966 398 coram
1982 366 2099 404 Nobis,
2118 375 2165 397 aut
2180 367 2336 397 devenien-

1275 411 1346 454 dum
1360 410 1501 456 obligatus
1517 409 1551 439 N
1554 410 1634 445 obis,
1650 418 1704 452 ‘per
1717 408 1840 452 aliquam
1858 406 2106 444 Recognitionem
2126 407 2156 435 in
2174 405 2264 443 aliqua
2280 405 2336 436 Pe-

1277 458 1363 493 cume
1378 449 1513 484 summa,
1531 456 1578 477 aut
1592 447 1626 476 ad
1648 445 1852 477 inveniendum
1869 444 2044 476 securitatem
2063 443 2253 474 sufficientem
2271 443 2343 474 No-

1280 490 1325 519 bis
1342 497 1396 530 pro
1411 486 1438 516 se
1458 487 1531 516 bene
1552 485 1693 524 gerendo,
1713 485 1823 514 ratione
1844 493 1954 514 tantum
1974 482 2144 514 Recusantie
2160 482 2240 520 ipsius
2258 486 2290 512 T.
2308 484 2340 512 T.

1281 535 1328 571 aut
1343 535 1451 570 ratione
1463 547 1472 562 ,
1490 523 1589 554 colore
1603 523 1650 554 vel
1663 531 1792 560 preteXtu
1806 522 1892 552 Saturi
1913 525 1943 552 iti
1959 521 2038 552 anno
2049 524 2153 560 primo,
2171 530 2217 551 aut
2238 519 2342 551 Statuti

1283 576 1313 610 in
1327 574 1402 594 anno
1416 562 1535 603 vtcefimo
1552 569 1635 592 tertio
1652 569 1735 599 nuper
1747 563 1846 597 Regine
1864 559 2047 597 Elizabethe,
2064 560 2207 590 editorum
2225 560 2256 589 &
2274 568 2342 596 pro-

1284 604 1428 639 visorum,
1442 602 1488 632 seu
1502 601 1606 646 Statuti
1619 600 1647 629 in
1663 608 1741 628 anno
1755 599 1876 639 vicefimo
1894 601 1995 629 ostavo
2009 599 2136 637 ejusdem
2151 608 2241 635 nuper
2250 597 2344 634 Regi-

1286 653 1341 681 ne,
1359 643 1403 686 seu
1412 641 1516 685 'Statuti
1532 649 1560 669 in
1569 647 1645 669 anno
1660 636 1787 677 tricesimo
1801 640 1897 678 quinto
1911 638 2038 676 predicte
2052 648 2143 675 nuper
2156 636 2269 668 Recine
2298 635 2345 665 vel

1288 681 1395 712 Statuti
1410 690 1440 709 in
1455 689 1532 723 anno
1548 682 1630 722 tertio
1646 676 1819 715 Regnidicsti
1827 675 1914 707 Patris
1928 677 2038 714 nostri,
2057 687 2111 714 pro
2120 659 2290 706 Recusantifi
2297 674 2345 704 sua

1287 729 1416 756 tantum,
1428 717 1654 762 Nihilominus,
1671 717 1690 745 {i
1705 713 1895 752 imposterum
1909 714 2007 745 Nobis
2022 716 2069 746 vel
2084 715 2195 752 prefato
2215 714 2349 744 Consilio

1289 759 1390 788 nostro
1405 757 1549 800 Videbitur
1562 755 1757 791 conveniens,
1775 753 1855 791 quod
1868 752 1960 790 alique
1973 752 2350 791 talesRecognitionesadi-

1290 797 1342 827 &o
1357 799 1387 826 T.
1401 799 1429 825 T.
1449 803 1611 833 exigentur,
1628 793 1748 836 tunel&
1763 793 1791 821 in
1809 792 1855 821 tali
1868 792 1930 821 casu
1945 792 2095 829 volumus,
2114 793 2191 829 quod
2207 791 2350 829 predictus

1289 839 1319 881 T.
1336 839 1366 864 Τ.
1381 834 1467 865 semel
1481 842 1591 876 tantum
1609 831 1740 876 deveniet
1756 830 1856 860 Nobis
1868 830 2008 867 obligatus
2022 831 2051 859 in
2067 831 2171 861 eodem
2186 831 2337 860 Comitatu

1289 885 1320 905 in
1339 884 1398 912 quo
1415 873 1449 916 ad
1463 882 1532 916 tunc
1545 871 1741 901 inhabitaverit
1758 869 1802 899 vel
1820 878 2005 899 commorans
2014 868 2114 905 fuerit,
2133 879 2202 899 cum
2218 852 2351 899 securita3

1289 922 1319 961 te
1335 911 1488 981 surigcgnti
1504 910 1539 941 de
1553 910 1579 941 se
1596 910 1670 940 bene
1681 908 1826 947 gerendo,
1847 909 1879 940 &
1893 917 1954 937 non
1971 907 2050 938 aliter
2066 917 2120 937 nec
2135 907 2201 938 alibi
2215 918 2267 946 pro
2281 916 2351 939 cau-

1288 962 1318 983 sa
1333 961 1380 988 pre
1403 962 1408 980 i
1444 961 1468 980 a.

1326 991 1364 1022 Et
1382 991 1494 1034 ulterius
1503 1011 1520 1038 ,¹
1528 987 1563 1018 de
1577 987 1664 1032 gratifi
1681 986 1784 1018 nostra‘
1792 986 1916 1025 speciali,
1935 985 2072 1016 volumus
2093 984 2126 1016 &
2147 985 2336 1016 concedimus

1290 1040 1344 1068 pro
1352 1030 1470 1073 Nobis,
1489 1027 1692 1058 heredibus&
1710 1026 1926 1057 Successoribus
1937 1025 2038 1055 nostris
2050 1034 2098 1062 per
2108 1023 2251 1055 Presentes
2272 1009 2355 1062 quod

1290 1068 1434 1107 predictus
1447 1071 1478 1096 T.
1501 1069 1531 1095 T.
1556 1065 1636 1108 nullo
1654 1065 1745 1095 modo
1760 1065 1947 1102 imposterum
1958 1088 1966 1101 ,
1987 1064 2104 1095 durante
2119 1063 2244 1093 termino
2257 1047 2356 1100 ³predi--

1291 1108 1342 1152 Cio
1355 1107 1388 1138 &
1406 1106 1497 1149 debita
1513 1103 1661 1134 Solutione
1679 1103 1749 1133 dieti
1763 1103 1925 1141 Redditus,
1939 1105 2001 1134 διε.
2020 1101 2112 1132 modo
2131 1102 2164 1133 ἃ
2182 1101 2278 1132 forma
2289 1111 2356 1138 pre-

1293 1147 1392 1190 difiis,
1419 1144 1572 1186 indi&etur
1591 1143 1625 1171 de
1645 1142 1678 1172 &
1699 1151 1751 1179 pro
1776 1140 1948 1173 Recusantifi
1967 1140 2014 1171 sua
2033 1148 2164 1179 tantum,
2183 1150 2255 1177 nec,
2274 1139 2355 1178 super

1292 1184 1408 1223 aliquod
1429 1184 1482 1213 tale
1501 1181 1744 1212 indictamentum
1763 1189 1816 1217 pro
1835 1180 1920 1211 causis
1938 1179 2072 1217 predictis
2085 1202 2095 1217 ,
2117 1179 2216 1217 aliquis
2235 1178 2355 1210 Proces-

1293 1224 1335 1253 sus
1352 1223 1397 1253 fiat
1412 1231 1459 1266 aut
1473 1221 1622 1257 habeatur,
1641 1218 1696 1263 five
1712 1227 1762 1256 per
1778 1217 2036 1249 Proclamationem
2045 1219 2090 1250 vel
2099 1217 2346 1249 Proclamationes

1296 1261 1473 1304 Utlagariam
1491 1259 1537 1304 vel
1552 1258 1734 1302 UtlagariaS,
1751 1257 1796 1288 vel
1812 1257 1908 1295 aliquo
1922 1257 1978 1287 alio
1994 1256 2087 1287 modo
2103 1257 2194 1287 versus
2210 1257 2302 1294 ipsum
2324 1239 2358 1286 T’

1293 1304 1324 1346 T.
1345 1300 1382 1331 Et
1397 1302 1415 1330 ii
1430 1307 1578 1337 contingat
1590 1297 1714 1340 aliquem
1728 1294 1810 1326 talem
1822 1295 1992 1326 Processum
2005 1305 2059 1333 pro
2073 1296 2152 1326 causa
2165 1296 2293 1334 predieta
2307 1280 2359 1324 sie-'-

1295 1351 1317 1371 ri
1336 1340 1380 1371 vel
1404 1348 1552 1373 emanare,
1572 1345 1672 1380 contra
1691 1335 1882 1365 intentionem
1900 1333 2027 1364 nostram
2046 1333 2168 1371 superius
2186 1334 2341 1374 expressam

1295 1379 1373 1418 quod
1392 1387 1464 1422 tunc
1480 1378 1512 1408 &
1532 1384 1614 1406 toties
1630 1373 1721 1405 Breve
1740 1373 1787 1404 vel
1803 1373 1901 1403 Brevia
1915 1372 1952 1403 de
1967 1375 2134 1410 Certiorari,
2152 1372 2186 1403 ad
2201 1355 2361 1411 requisitio1

1296 1428 1363 1449 nem
1382 1416 1504 1456 predicti
1521 1418 1552 1459 Τ.
1567 1417 1598 1444 Τ.
1617 1413 1698 1451 super
1715 1411 1993 1442 demonstrationem
2008 1411 2108 1441 harum
2127 1411 2289 1442 Literarum
2304 1421 2361 1441 no-

1297 1456 1415 1488 strarum
1434 1456 1617 1491 Parentium,
1644 1452 1688 1482 vel
1707 1450 1918 1481 Irrotulamenti
1936 1450 2090 1481 earundem
2105 1472 2114 1487 ,
2141 1450 2196 1480 sine
2222 1450 2361 1480 dilatione

1298 1495 1476 1540 concedetur
1496 1492 1541 1538 vel
1558 1491 1771 1527 concedentur,
1797 1490 1976 1520 retornabilia
1994 1498 2094 1520 coram
2117 1488 2217 1518 Nobis
2236 1489 2362 1519 ubicun-

1301 1546 1355 1574 que
1372 1535 1509 1580 suerimus
1523 1542 1550 1562 in
1574 1529 1694 1567 Anglia3
1714 1528 1754 1559 Et
1767 1529 1902 1559 volumus
1915 1529 1948 1560 &
1963 1526 2130 1558 mandamus
2144 1527 2224 1566 quod
2238 1537 2253 1558 a
2271 1525 2364 1560 Curia

1300 1573 1427 1619 pred-ista
1450 1572 1504 1602 tale
1526 1569 1713 1604 Remmium,
1733 1567 1771 1597 sic
1790 1577 1838 1606 per
1857 1566 1946 1598 Breve
1964 1567 2000 1596 de
2015 1569 2164 1596 certiorari
2185 1568 2214 1595 in
2235 1565 2366 1603 predicta

1302 1612 1392 1644 Curia
1406 1609 1502 1655 nostra
1519 1617 1616 1654 coram
1631 1607 1730 1637 Nobis
1744 1605 1952 1644 certificatum,
1968 1606 2074 1635 remitti
2089 1615 2149 1635 non
2166 1606 2346 1643 permittetur

1301 1653 1335 1684 &
1350 1651 1427 1696 quod
1444 1660 1473 1680 in
1488 1648 1579 1679 Curia
1595 1645 1692 1689 nostra
1708 1643 1834 1681 predicta
1849 1645 1944 1675 omnis
1962 1644 2076 1675 ulterior
2085 1643 2235 1674 processus
2251 1629 2366 1682 penita}

1301 1690 1420 1722 cessabit
1433 1698 1485 1733 pro
1498 1686 1581 1718 causa
1597 1683 1732 1722 prcdustfi.

1341 1729 1378 1774 Et
1399 1727 1538 1772 predfflus
1555 1728 1585 1755 T.
1602 1727 1646 1769 M.
1666 1733 1720 1761 pro
1738 1722 1783 1760 se,
1803 1722 1984 1762 Heredibus,
2008 1720 2217 1755 Executoribus
2233 1725 2266 1757 &
2289 1725 2365 1757 Affi-

1302 1778 1393 1810 gnatis
1412 1768 1482 1812 suis,
1497 1772 1638 1797 convenit
1655 1763 1688 1795 &
1708 1762 1859 1801 concedit,
1877 1763 1912 1793 ad
1925 1764 1958 1793 &
1978 1772 2046 1793 cum
2064 1761 2165 1792 Nobis
2200 1762 2366 1795 Heredibus

1303 1811 1338 1842 &
1358 1805 1572 1841 Successoribus
1590 1803 1692 1834 nostris
1707 1812 1755 1841 per
1775 1800 1915 1833 Presentes
1931 1824 1940 1839 ,
1963 1801 2042 1841 quod
2063 1800 2081 1831 fi
2104 1786 2247 1837 predictus
2265 1807 2295 1833 T.
2318 1806 2360 1834 M

1303 1850 1480 1894 Exec'utores
1493 1843 1679 1890 &Affigf‘ffl
1697 1843 1758 1883 sui,
1773 1840 1820 1870 has
1839 1840 1948 1871 Literas
1966 1839 2075 1871 nostras
2092 1839 2219 1871 Parentes
2232 1842 2262 1872 in
2279 1826 2370 1873 Scacss

1304 1899 1382 1922 cario
1397 1886 1514 1923 nostro,
1533 1883 1727 1919 infraipatium
1743 1885 1785 1911 lex
1803 1878 1949 1909 Mensium
1965 1879 2097 1916 proxime
2109 1879 2286 1917 sequentium
2301 1881 2368 1918 post

1303 1930 1398 1961 datam
1417 1923 1570 1957 earundem
1581 1944 1591 1960 ,
1608 1931 1669 1952 non
1687 1918 1873 1951 irrotulabunt
1891 1918 1936 1949 seu
1956 1918 2092 1948 irrotulari
2109 1918 2261 1950 causabunt
2290 1919 2370 1958 quod

1304 1977 1375 2001 tunc
1389 1964 1584 2007 predkstusT.
1606 1963 1652 1990 M.
1673 1959 1848 2003 Erecutores
1866 1957 1899 1989 &
1923 1955 2061 1996 Affignati
2078 1957 2118 1987 sui
2137 1956 2246 1988 solvent
2266 1944 2300 1989 sc
2321 1958 2371 1989 fo·

1305 2006 1447 2039 risfacient
1465 2002 1582 2038 Nobis,
1597 1998 1759 2029 Heredibus
1771 1997 1804 2027 &
1820 1995 2036 2027 Succefforibus
2051 1994 2155 2026 nostris
2173 1999 2293 2037 quinque
2313 1999 2370 2027 Li-

1305 2047 1371 2077 bras
1389 2042 1481 2084 legalis
1502 2039 1627 2071 Monere
1646 2035 1770 2074 Anglie,
1788 2038 1893 2065 nomine
1911 2037 2000 2072 Pene,
2019 2043 2073 2078 pro
2097 2035 2229 2072 quolibet
2246 2035 2371 2067 dimidio

1305 2086 1372 2118 anni
1389 2093 1423 2114 ex
1441 2090 1511 2113 tunc
1530 2078 1626 2121 postea
1644 2076 1777 2114 proxime
1795 2073 1955 2112 sequentis,
1969 2075 1999 2104 in
2018 2083 2079 2112 quo
2096 2073 2133 2104 he
2152 2073 2250 2105 Litere
2270 2074 2370 2106 nostre

1305 2125 1455 2171 Batenres,
1481 2119 1602 2153 minime
1619 2114 1766 2148 irrotulate
1783 2113 1971 2146 remanebunt
1996 2112 2042 2146 seu
2068 2122 2215 2145 remanere
2240 2114 2373 2154 contige-

1303 2174 1371 2196 rint.

1344 2203 1383 2235 Et
1408 2201 1523 2247 ulterius
1537 2198 1671 2243 volumus
1688 2198 1720 2229 &
1740 2195 1930 2228 concedimus
1947 2203 2000 2234 pro
2019 2191 2136 2234 Nobis,
2156 2192 2318 2226 Heredibus
2336 2194 2372 2225 &

1307 2240 1524 2274 Succefforibus
1541 2237 1660 2275 nostris,
1678 2236 1758 2275 quod
1778 2236 1815 2266 he
1834 2236 1933 2266 Litere
1951 2233 2047 2265 nostre
2065 2234 2211 2272 Parentes,
2230 2233 2274 2264 vel
2297 2232 2373 2263 Irro-

1307 2282 1497 2326 tulamentum
1511 2276 1677 2309 earumdem
1688 2297 1698 2314 ,
1714 2283 1796 2306 erunt
1815 2275 1844 2304 in
1860 2274 1999 2303 omnibus
2015 2273 2048 2304 &
2063 2283 2113 2312 per
2127 2274 2226 2303 omnia
2239 2272 2372 2302 Thesau-

1309 2331 1382 2352 rario
1392 2344 1402 2358 ,
1418 2317 1615 2363 Cancellario,
1633 2313 1862 2345 Subthesaurario
1878 2313 1910 2342 δε
1928 2311 2085 2342 Baronibus
2100 2310 2241 2341 Scaccarii
2262 2309 2353 2340 nostri

1309 2370 1344 2392 ac
1359 2358 1495 2390 omnibus
1507 2355 1566 2386 aliis
1580 2353 1737 2384 Officiariis
1750 2352 1783 2383 δε
1801 2350 1939 2381 Ministris
1961 2349 2062 2380 nostris
2084 2350 2132 2388 qui
2148 2359 2227 2380 nunc
2243 2348 2304 2380 sunt
2327 2333 2376 2380 ve'l

1309 2391 1862 2439 imposterumerunt„Vi-cecomitibus
1872 2412 1882 2427 ,
1900 2389 2204 2424 Subvicecomitibus‚
2219 2387 2377 2419 Ballivis&

1312 2438 1454 2469 omnibus
1467 2435 1526 2465 aliis
1539 2431 1696 2462 Officiariis
1705 2453 1714 2469 ,
1730 2428 1872 2460 Ministris
1884 2427 2050 2458 &Subditis
2067 2426 2172 2457 nostris
2180 2426 2377 2457 Heredum&

1313 2475 1515 2508 Succefforum
1532 2470 1715 2507 nostrorum,
1733 2477 1790 2498 tam
1809 2466 2010 2497 Ecclesiasticis
2025 2475 2112 2504 quam
2130 2465 2356 2502 Temporalibus

1313 2517 1346 2561 ad
1362 2524 1434 2554 quos
1455 2512 1594 2550 pertinere
1613 2509 1734 2546 poterit,
1752 2515 1830 2536 nunc
1844 2506 1878 2536 &
1901 2515 1955 2543 pro
1971 2513 2102 2542 ternpore
2124 2504 2275 2542 existente,
2299 2488 2378 2534 suffi:

1314 2565 1391 2586 ciens
1404 2552 1592 2583 Warrantum
1610 2548 1642 2578 &
1658 2542 1831 2576 Exoneratio
1846 2545 1874 2574 in
1890 2543 1944 2574 hac
1960 2553 2037 2581 parte
2073 2543 2109 2574 de
2123 2543 2156 2574 δε
2172 2552 2225 2580 pro
2239 2542 2378 2573 omnibus

1315 2594 1348 2625 δε
1365 2591 1477 2630 singulis
1489 2586 1652 2623 Premiffis3
1671 2584 1707 2615 Et
1723 2584 1801 2622 quod
1825 2583 1863 2613 he
1879 2583 1975 2613 Litere
1993 2592 2033 2612 no
2060 2591 2088 2612 re
2107 2581 2254 2619 Patentes,
2271 2581 2318 2612 vel
2339 2580 2378 2611 Ir-

1314 2631 1538 2663 rotulamentum
1553 2625 1600 2657 vel
1617 2621 1847 2661 Exemplificatio
1860 2621 1942 2657 inde,
1961 2621 1995 2651 ὃς
2009 2620 2111 2650 omnia
2129 2620 2160 2649 in
2175 2620 2282 2650 eisdem
2303 2629 2378 2649 con-

1314 2679 1390 2701 tenta
1404 2671 1436 2700 ὃ(
1452 2664 1626 2704 specificata,
1643 2671 1726 2693 erunt
1743 2661 1820 2690 bone
1830 2660 1862 2690 &
1877 2658 2040 2689 effe&uales
2055 2659 2083 2688 in
2101 2658 2184 2697 Lege
2195 2658 2289 2689 versus
2297 2657 2367 2688 Nos

1316 2708 1443 2739 Heredes
1461 2707 1494 2736 &
1508 2700 1690 2734 successores
1709 2698 1840 2735 nostrOS,
1855 2697 1889 2728 ad
1907 2706 2008 2728 omnes
2026 2698 2200 2727 interitiones
2216 2697 2234 2715 ²¹⁸
2247 2681 2378 2727 constru³

2349 280 2415 304 Car.
2432 284 2455 301 i.

2412 2703 2528 2732 *X1X.

1317 2746 1427 2778 &iones
1440 2746 1473 2776 ὃς
1488 2741 1646 2781 proposita,
1664 2738 1773 2777 prefato
1793 2739 1824 2766 T.
1843 2739 1887 2765 M.
1906 2737 1939 2767 ὃς
1959 2739 1990 2765 Τ.
2008 2737 2040 2765 T.
2059 2735 2268 2765 Executoribus
2281 2736 2314 2766 &
2327 2736 2380 2766 As·
2398 2753 2411 2779 7
2417 2753 2463 2779 50,

1318 2785 1430 2825 {ignatis
1451 2783 1520 2819 suis,
1538 2779 1695 2810 secundum
1723 2785 1824 2807 verum
1848 2783 1997 2811 tenorem,
2024 2775 2232 2812 intentionem,
2250 2773 2383 2805 constru-

1319 2826 1447 2855 ‹Stionem
1469 2822 1510 2864 &⁵
1523 2816 1700 2862 propositum
1718 2814 1890 2859 earundem,
1909 2811 1946 2843 Et
1965 2812 2042 2851 quod
2062 2811 2190 2842 Prolatio
2211 2813 2364 2844 earundem

1320 2863 1365 2894 vel
1381 2854 1719 2899 Exemplificatio'inde,
1736 2863 1764 2883 in
1788 2861 1960 2891 quacunque
1980 2849 2071 2882 Curia
2093 2850 2207 2887 nostra,
2225 2852 2260 2883 ὃς
2281 2835 2385 2883 corani

1321 2899 1539 2941 quibuscunque
1555 2895 1572 2933 J
1577 2894 1706 2924 udicibus
1732 2890 1851 2928 nostris,
1871 2890 1963 2922 valida
1979 2890 2012 2920 ὃ(
2032 2888 2174 2921 sufficiens
2192 2889 2289 2921 existet
2325 2890 2384 2922 fine

1322 2940 1419 2977 aliquo
1436 2937 1559 2967 ulteriori
1577 2933 1689 2964 Placito'
1704 2931 1740 2961 de
1759 2929 1902 2960 Recordo
1919 2929 1949 2959 in
1967 2928 2013 2959 tali
2032 2928 2138 2966 Curia,
2153 2928 2187 2959 ad
2207 2915 2381 2966 responden-

1323 2980 1393 3010 dum
1410 2977 1442 3008 ὅ(
1460 2972 1675 3015 exonerandum
1698 2968 1835 3008 quicquid
1856 2969 1883 2998 in
1910 2967 1954 2997 his
1971 2967 2074 2998 Literis
2091 2966 2194 2997 nostris
2217 2967 2384 2999 Parentibus

1323 3016 1464 3053 concedi,
1479 3018 1624 3044 exonerari
1638 3009 1683 3040 vel
1698 3008 1840 3039 observari
1852 3006 2239 3044 declaravimus,secundum
2253 3015 2386 3037 tenorem

1321 3055 1508 3097 presentium,
1525 3051 1602 3081 Nori
1617 3047 1748 3079 obstante
1763 3047 1836 3077 male
1853 3047 1896 3076 vel
1911 3055 1970 3079 non
1984 3045 2063 3076 redte
2078 3044 2254 3075 inveniendo
2266 3043 2386 3082 Inquifi-

1324 3097 1454 3130 tionem,
1471 3100 1517 3121 aut
1535 3090 1630 3126 aliquo
1647 3086 1761 3132 defestu
1781 3086 1808 3114 in
1827 3083 2015 3123 Inquisitione
2034 3083 2176 3121 predieta,
2193 3091 2242 3112 aut
2261 3083 2319 3113 ullo
2337 3083 2388 3114 de-

1326 3133 1404 3165 fectu
1421 3140 1498 3162 certe
1512 3128 1743 3162 Informatioms,
1764 3124 1808 3154 vel
1823 3133 1884 3154 non
1905 3122 2050 3152 recitando
2069 3121 2113 3151 vel
2132 3120 2206 3150 male
2222 3121 2370 3152 recitando

1327 3172 1374 3203 vel
1389 3180 1448 3200 non
1459 3169 1584 3209 plenarie
1598 3164 1643 3195 vel
1658 3164 1734 3195 recte
1750 3163 1912 3197 recitando,
1930 3161 2053 3198 aliquam
2073 3158 2318 3190 Commiffionem
2341 3144 2392 3191 vei

1329 3207 1557 3252 Commiffiones
1572 3228 1581 3242 ,
1608 3203 1822 3241 Inquisitionem
1842 3201 1886 3230 vel
1904 3198 2100 3235 inquisitiones
2118 3197 2324 3230 Premissorum
2343 3199 2391 3230 vel

1329 3249 1445 3285 alicujus
1463 3245 1528 3276 inde
1542 3244 1632 3274 Partis
1650 3242 1696 3273 vel
1714 3239 1856 3275 Parcelle,
1875 3237 2075 3268 Indietamenti
2094 3235 2139 3266 vel
2165 3235 2394 3267 lndistamento-

1331 3297 1413 3323 rum,
1439 3281 1646 3315 Convitstionis
1667 3279 1713 3310 vel
1731 3276 1986 3312 Convicstionum,
1998 3274 2103 3313 Judicii
2129 3274 2174 3305 vel
2186 3274 2370 3313 judiciorum

1330 3334 1378 3357 aut
1400 3334 1460 3355 non
1478 3320 1627 3353 recitando
1645 3327 1692 3349 aut
1717 3326 1778 3346 non
1795 3315 1874 3345 reete
1888 3314 2034 3345 recitando
2051 3313 2096 3343 vel
2114 3315 2324 3345 mentionando
2344 3300 2396 3346 ve2

1331 3374 1396 3395 rum
1416 3361 1544 3393 annuum
1565 3359 1692 3390 valorem
1711 3353 1918 3385 Premifforum
1936 3351 1983 3383 vel
2009 3352 2122 3389 alicujus
2139 3352 2205 3382 inde
2226 3352 2313 3383 Partis
2349 3361 2398 3384 aut

1333 3412 1393 3434 non
1413 3399 1615 3439 particulariter
1628 3393 1816 3433 exprimendo
1832 3391 1878 3423 vel
1899 3390 2091 3428 specificando
2112 3390 2235 3429 predffiia
2255 3375 2396 3422 Prer’niffa

1333 3441 1380 3472 vel
1397 3441 1519 3477 aliquam
1530 3436 1596 3467 inde
1613 3442 1739 3474 partem,
1758 3430 1804 3462 vel
1818 3439 1962 3467 naturam,
1978 3429 2181 3467 qualitatem&
2194 3429 2395 3460 certitudinem

1336 3480 1403 3511 inde
1419 3487 1466 3508 aut
1484 3475 1601 3513 alicujus
1616 3473 1681 3504 inde
1697 3471 1794 3509 partis,
1812 3477 1860 3499 aut
1877 3478 1936 3498 non
1953 3468 2102 3499 recitando
2119 3468 2166 3498 vel
2183 3467 2255 3498 male
2275 3469 2394 3498 recitari-

1338 3519 1379 3548 do
1391 3517 1513 3554 aliquam
1530 3513 1659 3544 scisuram
1678 3510 1821 3540 dierorum
1840 3507 2045 3537 Premissorum
2062 3514 2108 3536 aut
2122 3506 2238 3543 alicujus
2253 3505 2320 3537 inde
2330 3506 2398 3536 Par-

1340 3558 1375 3587 tis
1389 3555 1436 3585 vel
1453 3552 1592 3587 Parcene,
1610 3551 1656 3585 vel
1670 3558 1729 3578 non
1745 3545 1892 3577 recitando
1907 3545 1951 3575 vel
1970 3545 2044 3575 male
2052 3544 2197 3575 recitando
2210 3543 2333 3581 aliquam
2343 3543 2400 3573 Di-

1343 3593 1506 3625 missionem
1522 3591 1567 3621 vel
1578 3587 1821 3623 Conceffionem,
1842 3583 2029 3614 Dimissiones
2050 3583 2094 3613 vel
2111 3582 2319 3613 Concessiones
2331 3582 2401 3612 Pre-

1346 3632 1496 3663 missorum
1509 3638 1555 3659 aut
1570 3628 1686 3664 alicujus
1701 3624 1767 3654 inde
1785 3623 1925 3659 Parcelle,
1943 3622 1980 3651 de
1996 3622 2137 3652 Recordo
2153 3621 2197 3650 vel
2210 3630 2271 3650 non
2286 3621 2322 3650 de
2339 3620 2401 3650 Re-

1346 3671 1457 3713 cordo,
1474 3676 1540 3698 ante
1556 3666 1611 3696 hac
1625 3665 1729 3706 facitasg
1749 3661 1787 3691 Et
1804 3671 1863 3691 non
1877 3660 2009 3691 obstante
2021 3670 2082 3690 non
2095 3659 2275 3695 Separatione
2289 3657 2402 3688 velDi'-

1347 3711 1458 3740 villone
1473 3705 1519 3748 vel
1531 3705 1603 3734 mala
1618 3703 1768 3733 Divisione
1783 3700 1942 3729 nostrarum
1959 3699 2076 3729 duarum
2090 3697 2213 3734 partium
2233 3698 2263 3726 iri
2277 3696 2403 3734 separal‘i-

1347 3757 1403 3778 tate
1422 3756 1437 3775 a
1460 3751 1635 3787 tertia-parre¹
1659 3739 1759 3778 prefati
1776 3742 1807 3767 T.
1822 3741 1854 3767 T.
1873 3737 1909 3767 de
1924 3745 1972 3767 aut
1990 3737 2018 3765 in
2035 3734 2193 3772 Premiffis3
2212 3733 2251 3764 Et
2270 3745 2330 3765 non
2348 3736 2406 3765 ob-

1350 3786 1442 3828 stante
1467 3782 1604 3818 aliquibus
1628 3777 1915 3816 imperfeetionibus.
1948 3773 2117 3804 defeetubus
2140 3773 2183 3802 vel
2206 3773 2407 3804 om'ffionibus

1351 3820 1585 3861 quibuscunque,
1604 3818 1641 3848 Et
1659 3827 1717 3847 nori
1736 3815 1868 3845 obstante
1885 3814 1980 3849 aliquo
1999 3812 2045 3840 vel
2063 3811 2198 3848 aliquibus
2218 3810 2248 3840 ln
2272 3813 2409 3843 ietamen-

1353 3871 1385 3892 to
1402 3859 1447 3889 vel
1464 3856 1700 3899 IndiciarnentiS,
1718 3853 1915 3884 Conviffione
1929 3849 1975 3881 vel
1990 3848 2236 3879 Convictionibus
2250 3849 2318 3880 dieti
2331 3854 2362 3880 T.
2377 3853 2405 3880 Τ

1352 3900 1460 3930 ratione
1481 3895 1650 3926 Reculantie
1667 3894 1714 3923 sue
1732 3892 1778 3922 vel
1796 3890 1918 3920 absentie
1939 3888 1985 3918 sue
2003 3889 2039 3917 ab
2056 3886 2181 3917 Ecclesia
2199 3887 2244 3917 vel
2265 3874 2408 3919 Ecclefiis'

1355 3936 1473 3973 Capella
1486 3934 1532 3977 seu
1548 3935 1605 3963 aliis
1619 3933 1692 3962 locis
1707 3930 1873 3959 communis
1889 3926 2063 3957 precationis
2078 3935 2141 3955 ante
2158 3926 2210 3955 hac
2228 3927 2327 3957 habitis
2366 3910 2414 3956 seii

1355 3982 1484 4011 unquam
1500 3970 1688 4009 imposterum
1702 3966 1856 4004 habendis,
1877 3965 1914 3995 Et
1928 3974 1986 3993 non
2001 3963 2131 3993 obstante
2146 3964 2199 3994 ulla
2210 3965 2288 3996 Leoe
2302 3950 2346 3994 ve’l
2359 3965 2415 3994 Le-

1356 4015 1458 4054 gibuS,
1477 4009 1591 4041 Statuto
1606 4008 1651 4040 vel
1665 4007 1796 4042 Statutis,
1816 4005 1844 4034 in
1859 4005 1936 4034 annis
1949 4001 2070 4043 vicesimo
2084 4006 2184 4040 tertio,
2204 3990 2326 4044 vici=⁷fimo
2341 4004 2419 4032 οέῗα-

2365 4052 2403 4071 vo
2411 4069 2421 4083 ²
