2561 4263
24 148 106 191 208

26 233 94 265 cesis
118 232 278 270 Lincolnie,
295 233 355 272 jam
378 232 523 269 legittime
546 231 580 262 &
602 230 638 261 de
658 231 717 267 jure
736 236 906 265 vacantem,
922 228 955 258 &
980 226 1013 270 ad
1035 236 1093 256 no—

6 272 116 303 ·stram
139 273 377 311 presentationem
401 279 451 308 per
474 270 581 306 lapsum
606 269 766 306 temporis,
784 267 841 297 sive
854 276 902 303 per
922 275 1091 303 praVitatem

27 311 159 341 Simonie
174 312 226 341 hac
243 312 307 340 vice
322 308 513 348 spefiiantem3
551 307 589 336 Et
601 307 763 343 diriguntur
779 306 815 335 he
831 305 927 334 Litere
942 303 1092 333 Reveren-

26 349 141 380 diffimo
163 350 191 379 in
211 347 331 378 Christo
354 346 429 376 Patri
450 355 483 375 ac
499 345 653 381 Domino,
671 344 805 374 Domino
820 341 974 383 Gulielmq,
994 341 1092 378 provi-

25 387 124 419 denti&
142 387 239 418 divina
265 381 460 422 Cantuarienfi
485 383 712 421 Archiepiscopo
730 405 739 420 ,
766 382 876 412 ratione
899 378 1092 418 Suspensiunis

28 426 165 466 Episcopi
187 423 334 454 Lincolnie.
931 456 936 461 1

67 464 157 496 Teste
174 463 255 501 Rege
267 461 339 500 apud
359 457 637 498 westmonasterium,
655 457 793 489 vicesimo
810 465 890 486 nono
908 455 954 486 die
971 457 1056 486 Maii.

69 539 214 578 Johannes
231 536 340 574 Hughes
354 558 364 574 ,
392 534 525 566 Clericus
537 557 546 572 ,
573 534 610 565 A.
637 532 684 564 Μ.
702 534 787 564 habet
807 531 967 563 consimiles
987 531 1094 561 Literas

31 577 164 610 Patentes
182 579 218 608 de
241 575 446 613 presentatione
470 574 504 604 ad
529 573 698 603 Reetoriam
721 572 757 602 de
786 571 936 608 Lanaber,
963 570 1094 601 Diocesis

30 619 154 654 Bangor,
172 625 218 653 per
235 613 453 652 resignationem
468 612 564 642 ultimi
580 610 776 641 lncumbentis
791 610 899 640 ibidem
914 609 975 647 jam
990 618 1096 639 vacan-

31 664 110 692 tem,
129 656 160 684 &
178 653 212 683 ad
232 652 357 682 nostram
376 649 613 687 presentationem
641 649 728 686 pleno
743 649 805 687 jure
823 648 1020 686 speetantem3
1057 646 1096 678 Et

31 694 188 731 diriguntur
200 691 237 720 he
254 690 346 720 Litere
365 687 541 718 Reverendo
558 689 588 717 in
604 686 726 718 Christo
743 687 820 718 Patri
834 697 868 718 ac
883 685 1020 717 Domino
1034 688 1095 716 Gu-

30 732 133 767 lfflmo,
159 728 340 768 permissione
357 726 455 756 divini
476 729 588 763 Bangor
604 726 759 764 Episcopo.

65 767 158 799 Teste
177 767 260 805 Rege
278 765 352 804 apud
371 763 646 805 westmonasterium,
662 765 759 803 primo
777 763 823 794 die
838 762 934 802 Junii-

63 843 224 875 Nathaniel
237 841 360 881 Waller,
384 841 532 880 Clericus,
550 841 636 873 habet
651 840 815 872 consimiles
832 839 941 870 Literas
958 839 1093 870 Patentes

25 884 62 914 de
81 883 287 921 presentatione
312 881 346 911 ad
368 880 539 911 Rectoriam
558 880 596 910 de
622 879 787 910 Bokenham
812 886 909 917 parva
923 900 932 916 ,
963 877 1091 908 Diocesis

27 921 232 960 Norwicenfis,
247 921 307 958 jam
330 919 338 949 l
376 920 466 950 ittime
489 919 522 950 &
544 918 582 949 de
601 920 662 956 jure
678 927 845 955 vacantem,
865 918 898 947 &
912 916 947 946 ad
965 915 1092 946 nostram

27 960 265 1000 presentationem
286 968 334 996 per
381 957 478 996 apsum
500 958 636 995 temporis
655 956 710 988 hac
732 957 796 987 vice
820 954 1016 995 spectantem,
1054 953 1094 984 Et

26 999 188 1037 diriguntur
208 998 244 1028 he
267 997 361 1028 Litere
377 995 552 1027 Reverendo
570 997 599 1026 in
615 994 736 1026 Christo
752 994 828 1025 Patri
842 1003 875 1025 ac
892 992 1024 1023 Domino
1042 995 1094 1023 Ri-

28 1037 144 1075 churdo,
165 1035 344 1074 permissione
360 1033 456 1065 divina
470 1034 642 1073 Norwicenfi
658 1032 814 1071 Episcopo·

64 1075 155 1107 Teste
174 1075 255 1114 Rege
272 1073 345 1114 apud
366 1072 645 1113 Westmonasterium,
663 1073 757 1111 primo
774 1071 822 1102 die
837 1069 937 1109 Junii.

62 1153 213 1183 Richardus
237 1149 380 1188 Hardinge
394 1173 405 1189 ,
430 1149 577 1188 Clericus,
596 1148 633 1179 A.
651 1148 681 1180 Β.
699 1149 786 1180 habet
804 1146 964 1179 consimiles
988 1145 1096 1177 Literas

26 1191 161 1223 Patentes
175 1191 211 1221 de
224 1191 430 1230 presentatione
444 1189 479 1220 ad
495 1188 637 1219 Vicariam
655 1188 690 1218 de
704 1189 814 1218 Norton
828 1189 921 1215 Canon
935 1186 999 1215 alias
1016 1185 1093 1214 Mid-

20 1230 136 1270 fiammer
152 1232 262 1259 Norton
272 1252 282 1267 ,
300 1228 431 1259 Diocesis
448 1226 586 1257 Bathonie
603 1225 641 1262 ῤ’
659 1225 794 1265 W‘ellenfis
805 1249 815 1265 ‚
827 1226 888 1263 jam
907 1225 1043 1262 legittime
1059 1224 1093 1253 &

27 1269 64 1299 de
83 1270 148 1307 jure
168 1276 318 1300 vacantem
334 1289 344 1305 ,
367 1267 400 1298 ὃς
421 1265 456 1296 ad
479 1264 606 1296 nostram
630 1265 869 1303 presentationem
893 1273 942 1300 per
969 1262 1090 1301 Lapsiim

27 1309 163 1345 temporis
189 1308 250 1337 hac·
262 1305 327 1336 vice
346 1305 519 1344 spectantem
538 1315 549 1342 3
592 1302 630 1334 Et
649 1304 701 1334 diri
723 1312 807 1333 untur
826 1302 862 1332 he
884 1302 974 1330 Litere
992 1300 1090 1330 Reve-

28 1347 119 1377 rendo
138 1347 165 1375 in
184 1344 302 1376 Christo
324 1343 398 1374 Patri
416 1353 450 1373 ac
468 1342 602 1373 Domino
621 1311 772 1380 Gulreffmo,
791 1339 975 1380 permiffione
995 1337 1092 1369 divina

27 1384 168 1415 Bathmie
189 1385 226 1418 ό
243 1381 370 1421 Wllenfi
378 1381 530 1419 Episcopo.

66 1423 155 1455 Teste
176 1422 261 1460 Rege
279 1423 352 1459 apud
373 1417 646 1459 Wslmonasterium,
665 1418 801 1450 vicesimo
816 1418 923 1449 octavo
941 1416 988 1447 die
1006 1419 1091 1446 Maii.

67 1500 180 1531 Thomas
204 1497 316 1537 Bosvile
332 1522 341 1537 ,
367 1496 499 1528 Clericus
514 1519 522 1533 ‚
550 1496 587 1527 A.
616 1495 664 1525 M.
687 1495 773 1526 habet
800 1493 962 1525 consimiles
982 1493 1091 1524 Literas

31 1540 164 1571 Parentes
177 1539 212 1569 de
227 1538 432 1576 presentatione
447 1535 481 1566 ad
496 1535 640 1565 Vicariam
655 1533 690 1563 de
709 1532 885 1572 Brathwell,
906 1532 1036 1562 Diocesis
1049 1533 1092 1559 E-

31 1577 177 1617 boracenfis
193 1600 202 1615 ,
224 1586 273 1614 per
296 1585 419 1606 mortem
443 1575 536 1604 ultimi
558 1573 756 1604 lncumbentis
778 1573 885 1602 ibidem
904 1573 963 1609 jam
989 1580 1091 1601 vacan-

29 1626 88 1648 tem
101 1640 110 1655 ,
127 1619 160 1648 ὃς
184 1616 218 1645 ad
239 1613 367 1645 nostram
394 1613 628 1650 presentationem
648 1611 733 1650 pleno
746 1611 810 1649 jure
824 1610 1016 1648 i'pectantem3
1053 1607 1091 1638 Et

29 1656 188 1694 diriguntur
202 1654 236 1683 he
255 1653 349 1683 Litere
365 1649 612 1682 Reverendiffimo
627 1650 655 1679 in
672 1649 791 1680 Christo
808 1649 883 1679 Patri
896 1658 930 1678 ac
950 1648 1092 1688 Domino,

30 1694 168 1725 Domino
182 1691 317 1722 Richardo
327 1714 335 1728 ,
354 1688 537 1727 providentia
550 1687 648 1719 divina
662 1687 823 1727 Eboracenfi
841 1687 1074 1724 Archiepiscopo.

68 1732 159 1764 Teste
174 1731 256 1769 Rege
272 1729 346 1767 apud
364 1727 640 1767 Wkstmonasterium,
658 1726 813 1757 undecimo
831 1725 877 1756 die
891 1724 987 1764 Junii.

73 1812 151 1847 Hugo
170 1806 378 1845 Armestronge,
395 1804 542 1838 Clericus,
572 1802 608 1833 A.
629 1801 675 1832 M.
699 1802 786 1833 habet
804 1800 966 1833 consimiles
987 1800 1092 1830 Literas

33 1848 162 1880 Parentes
174 1846 210 1876 de
226 1845 429 1885 presentatione
442 1843 475 1872 ad
494 1842 663 1872 Rectoriam
680 1839 716 1871 de
730 1840 832 1880 Thorpe
845 1844 873 1870 in
888 1839 995 1878 Glebis,
1016 1839 1093 1870 Dio-

33 1887 102 1918 cesis
123 1883 312 1922 Eboracenfis,
333 1884 389 1920 jam
413 1882 554 1920 legittime
575 1882 608 1912 ὃ(
631 1880 667 1909 de
683 1880 740 1916 jure
756 1889 924 1918 vacantem,
942 1879 975 1909 &
990 1878 1024 1908 ad
1038 1887 1094 1908 no-

32 1925 117 1956 stram
134 1923 371 1962 presentationem
397 1929 446 1957 per
467 1919 589 1957 Lapsum
608 1919 763 1957 temporis,
782 1918 838 1948 sive
858 1928 906 1956 per
927 1918 1094 1955 pravitatem

29 1964 163 1996 Simonie
183 1962 236 1991 hac
257 1962 321 1990 vice
339 1959 531 1997 speetantem,
556 1956 593 1988 Et
607 1956 661 1987 diri
683 1965 765 1987 untur
778 1956 815 1986 he
835 1957 929 1987 Litere
945 1956 1094 1986 Reveren-

31 2002 148 2034 dissimo
170 2001 199 2030 iri
218 1998 337 2029 Christo
357 1998 433 2028 Patri
449 2007 482 2027 ac
500 1996 651 2033 Domino,
706 1996 809 2026 omino
826 1994 980 2033 Ruhardo,
996 1994 1095 2034 provi-

32 2040 127 2072 dentii
139 2039 234 2070 divina
257 2035 418 2074 Eboracenfi
433 2034 669 2072 Archiepiscopo.

70 2078 160 2111 Teste
179 2077 261 2117 Rege
279 2076 353 2114 apud
373 2073 520 2113 Canbury,
539 2074 642 2112 quinto
657 2072 774 2103 decimo
792 2071 838 2103 die
854 2072 950 2112 Junii.

70 2159 148 2194 Hugo
170 2152 380 2192 Armestronge,
407 2151 557 2188 Clericus,
584 2149 620 2180 A.
637 2148 684 2180 M.
702 2149 788 2180 habet
806 2147 968 2179 consimiles
987 2147 1097 2179 Literas

34 2196 164 2227 Parentes
182 2194 218 2224 de
237 2191 443 2230 presentatione
462 2190 497 2220 ad
523 2188 692 2220 Reetoriam
718 2188 754 2219 de
777 2187 936 2227 Rewpston,
966 2186 1097 2218 Diocesis

34 2232 225 2270 Eboracenfis,
240 2232 299 2269 jam
319 2230 456 2267 legittime
479 2230 512 2260 &
536 2228 571 2257 de
591 2230 653 2264 iure
669 2235 842 2264 vacantem,
863 2227 896 2256 δε
918 2224 952 2256 ad
969 2224 1095 2255 nostram

33 2273 269 2313 presentationem
289 2278 339 2306 per
362 2267 483 2305 Lapsum
504 2267 659 2304 temporis,
677 2265 734 2296 sive
751 2275 800 2304 per
815 2267 981 2304 pravitatem
1000 2264 1099 2294 Simo-

34 2313 82 2343 nie
96 2312 148 2341 hac
165 2318 229 2339 vice
244 2308 435 2345 speciantem3
456 2304 490 2336 Et
505 2305 663 2342 diriguntur
679 2305 715 2335 he
732 2304 827 2335 Litere
848 2301 1100 2334 Reverendissimo

35 2352 65 2381 in
85 2348 204 2380 Christo
225 2346 300 2376 Patri
318 2355 351 2375 ac
374 2343 524 2381 Domino,
545 2343 680 2373 Domino
697 2342 845 2381 Richardo,
862 2341 1042 2382 providentia
1056 2340 1100 2371 di-

35 2388 102 2423 vina
121 2384 288 2424 Eboracenfi
305 2382 546 2420 Archiepiscopo.

72 2426 162 2459 Teste
177 2424 260 2464 Rege
274 2422 349 2461 apud
365 2422 506 2460 Canbury,
525 2420 627 2459 quinto
643 2419 760 2451 decimo
776 2419 823 2450 die
837 2418 934 2459 Junii.

73 2504 221 2544 Johannes
240 2499 401 2536 Willowes,
417 2498 567 2534 Clericus,
587 2497 622 2527 A.
640 2495 686 2527 M.
705 2496 794 2527 habet
813 2495 976 2528 consimiles
993 2495 1104 2527 Literas

36 2544 168 2575 Parentes
193 2541 228 2572 de
256 2539 460 2578 praesentatione
485 2536 519 2567 ad
541 2535 711 2566 Retilwriam
730 2535 766 2566 de
791 2537 885 2565 Horne
903 2536 966 2566 alias
993 2537 1103 2564 Home-

34 2583 119 2623 field,
141 2579 269 2612 Diocesis
287 2574 508 2615 Petriburgenfis,
527 2577 582 2611 jam
598 2574 734 2613 legittime
754 2575 786 2604 ὀ(
806 2574 841 2605 de
854 2575 915 2612 jure
935 2582 1099 2610 vacantem,

36 2623 71 2653 ὃ(
97 2620 132 2651 ad
155 2619 281 2650 nostram
308 2616 547 2655 presentationem
570 2622 618 2650 per
649 2612 773 2650 Lapsum
799 2614 936 2651 temporis
961 2612 1013 2641 h.c
1035 2613 1099 2641 vice

37 2659 230 2698 (perstantem,
265 2656 302 2686 Et
324 2655 482 2691 diriguntur
496 2652 532 2682 he
550 2651 646 2682 Litere
661 2651 832 2682 Reverendo
847 2651 874 2680 in
890 2649 1009 2682 Christo
1029 2649 1103 2679 Patri

39 2708 74 2729 ac
108 2697 244 2727 Domino
270 2694 410 2731 Francisco
427 2714 436 2730 ‚
469 2689 653 2730 permissione
681 2689 778 2721 divina
807 2687 1009 2728 Petriburgenfi
1033 2686 1104 2726 Epi-

39 2737 167 2806 scssgste
185 2772 271 2810 Rege
286 2768 361 2807 apud
379 2767 522 2806 Cantator),
538 2766 659 2798 decimo
678 2776 760 2797 nono
779 2766 824 2798 die
843 2765 938 2804 Junii-

79 2853 215 2882 Henrr'cus
234 2847 360 2883 Barker,
377 2844 518 2881 Clericus,
538 2842 571 2873 A.
593 2841 639 2872 Μ.
659 2842 743 2873 habet
761 2842 921 2873 consimiles
937 2842 1042 2874 Literas
1054 2842 1108 2874 Pa-

44 2899 135 2923 tentes
151 2889 186 2919 de
210 2885 419 2924 presentatione
442 2882 474 2913 ad
496 2882 638 2913 Vicariam
655 2881 691 2911 de
703 2884 837 2910 Donaton
852 2882 914 2911 alias
932 2884 1106 2918 Donington,

48 2927 178 2961 Diocesis
195 2923 356 2961 Herefordie
371 2944 380 2960 ,
400 2931 449 2960 per
467 2920 636 2951 Ceffionem
655 2920 749 2950 ultimi
766 2918 960 2950 lncumbentis
973 2919 1108 2949 *ibidem

43 2970 105 3008 jam
123 2973 270 2997 vacantem
281 2985 291 3001 ,
304 2963 338 2993 &
355 2960 391 2991 ad
406 2959 533 2990 nostram
572 2959 787 2989 resentationem
805 2957 891 2995 pleno
903 2958 966 2995 jure
981 2957 1110 2995 spectan-

48 3015 128 3045 tem,
153 3004 188 3034 Et
202 3002 362 3039 diriguntur
376 2999 413 3029 he
430 2998 523 3028 Litere
539 2968 716 3027 {everendo
730 2997 758 3026 in
775 2995 893 3026 Christo
908 2995 1027 3028 Patriae
1042 2996 1111 3027 Do-

49 3047 134 3076 mino
151 3043 278 3078 Georgia,
300 3036 480 3078 permissione
495 3034 593 3067 divina
608 3033 771 3074 Herefordie
784 3034 943 3074 Episcopo.

87 3081 178 3114 Teste
196 3079 279 3119 Rege
299 3076 372 3116 apud
389 3076 532 3114 Canbury,
548 3075 664 3105 decimo
681 3083 762 3104 nono
779 3073 824 3104 die
840 3072 936 3112 Junii.

92 3159 209 3189 Thomas
229 3154 345 3192 White,
363 3151 507 3189 Clericus,
527 3151 563 3182 A.
583 3149 631 3180 M.
649 3150 737 3180 habet
754 3148 915 3181 consimiles
933 3148 1041 3180 Literas
1058 3149 1114 3181 Pa-

0 3211 3 3217 ·
56 3207 145 3230 tentes
162 3196 198 3226 de
213 3193 418 3235 presentatione
440 3191 474 3221 ad
493 3189 635 3221 Vicariam
653 3190 750 3229 San&
767 3191 891 3219 Martini
908 3190 937 3219 in
958 3188 1033 3219 Villa
1049 3191 1116 3218 Lei-

56 3236 161 3272 cestrie,
180 3244 228 3272 per
246 3230 414 3263 Ceffiotiem
428 3229 522 3260 ultimi
536 3228 731 3258 lncumbentis
748 3227 858 3257 ibidem
870 3227 931 3264 jam
948 3235 1116 3264 vacantem,

57 3275 92 3306 &
108 3274 142 3304 ad
157 3272 283 3302 nostram
296 3269 530 3307 presentationem
546 3266 632 3304 pleno
648 3267 705 3303 jure
720 3266 911 3305 speciantem3
939 3264 975 3295 Et
988 3265 1117 3304 dirigun-

58 3322 104 3343 tur
127 3313 162 3342 he
187 3310 279 3339 Litere
294 3306 542 3338 Reverendiffimo
560 3306 588 3334 in
603 3303 725 3335 Christo
739 3304 816 3334 Patri
831 3313 864 3333 ac
879 3303 1033 3340 Domino,
1051 3303 1117 3333 Do-

60 3352 144 3382 mino
163 3347 314 3383 Gulielmo,
338 3343 512 3383 providentia
536 3343 634 3373 divini
656 3341 851 3381 cantuariensi
871 3341 1117 3380 Archiepiscopo,

63 3390 173 3421 tatione
189 3385 378 3423 Suspeniionis
391 3382 530 3420 Episcopi
547 3380 701 3411 Lincolnie.

103 3425 193 3458 Teste
212 3423 291 3462 Rege
309 3422 383 3461 apud
400 3421 543 3459 Canbury,
562 3420 700 3451 vicesimo
716 3417 840 3450 secundo
858 3417 905 3448 die
921 3416 1018 3456 Junii.

110 3501 227 3534 Thomas·
246 3502 360 3538 Davyes
374 3521 384 3536 ,
411 3496 541 3528 Clericus
555 3518 565 3535 ,
591 3495 678 3526 habet
695 3493 857 3525 consimiles
875 3493 982 3523 Literas
1000 3493 1128 3524 Patentes

73 3543 110 3574 de
130 3539 334 3580 pretentatione
356 3537 389 3566 ad
401 3536 545 3566 Vicariam
562 3534 598 3564 de
617 3532 806 3573 Lanybyther,
825 3531 954 3574 Diocesis
975 3534 1131 3562 Meneven-

66 3581 124 3621 fis,
143 3588 192 3617 per
214 3583 338 3606 mortem
358 3574 453 3604 ultimi
472 3573 671 3604 lncumbentis
689 3571 817 3607 ibidem,
831 3579 892 3607 jam
912 3578 1075 3608 vacantem,
1093 3571 1126 3600 &

76 3619 113 3650 ad
126 3616 249 3647 nostram
284 3612 495 3643 resentationem
535 3612 599 3640 leno
610 3612 671 3648 jure
687 3609 879 3648 spectantem3
918 3607 955 3637 Et
969 3607 1131 3644 diriguntur

79 3658 117 3688 he
144 3655 239 3684 Litere
295 3650 435 3681 everendo
460 3651 489 3678 in
534 3649 621 3678 hristo
643 3647 765 3680 Patriae
779 3646 916 3677 Domino
930 3647 1050 3683 Rogero,
1068 3655 1133 3684 per-

80 3693 215 3726 missione
228 3689 326 3721 divina
342 3691 481 3718 Meneven
493 3697 501 3713 1
517 3687 671 3724 Episcopo.

118 3731 208 3763 Teste
226 3729 308 3767 Rege
327 3727 399 3763 apud
417 3729 474 3755 Can
494 3736 561 3762 my,
580 3722 856 3756 vicesimosecundo
876 3721 921 3753 die
934 3720 1030 3760 Junii.

482 138 1714 196 CONVENTIONES,LITERAE,

1169 228 1298 264 Georgius
1312 226 1438 266 Nelsbn,
1457 226 1604 266 Clericus,
1623 229 1660 260 Α.
1676 229 1723 259 Μ.
1737 229 1826 260 habet
1843 228 2003 260 consimiles
2019 228 2126 259 Literas
2143 226 2200 258 Pa-
2218 223 2352 258 Arm-D-

1141 269 1229 309 tentes
1253 265 1289 295 de
1314 266 1516 309 presentatione
1536 267 1571 297 ad
1588 267 1734 297 vicariam
1751 268 1788 297 de
1803 267 1920 307 Yaxley,
1940 267 2069 298 Diocesis
2087 265 2199 296 Lim-al-
2238 263 2325 303 1638.

1138 312 1196 340 me,
1214 312 1262 339 per
1286 313 1413 334 mortem
1437 305 1532 334 ultimi
1550 304 1744 336 lncumbentis
1764 306 1871 336 ibidem
1895 308 1950 344 jam
1974 314 2140 342 vacantem,
2165 304 2199 335 &
2219 306 2270 329 An.
2291 312 2331 337 ¹4-

1139 339 1175 370 ad
1195 340 1322 384 nostram
1346 343 1585 379 presentationem
1602 344 1688 381 pleno
1701 344 1764 381 jure
1781 344 1974 381 spe&antem;
2012 344 2050 374 Et
2069 343 2201 380 dirigun-
2221 343 2284 368 Car.
2305 349 2329 368 ¹·

1139 386 1185 421 tur
1200 379 1236 408 he
1255 379 1348 409 Litere
1364 379 1614 411 Reverendiffimo
1633 383 1662 411 in
1678 381 1797 412 Christo
1818 381 1891 412 Patri
1907 393 1941 413 ac
1960 383 2097 413 Domino
2135 381 2200 411 Do-
2263 377 2324 413 ¹34·

1138 425 1221 459 mino
1243 414 1377 458 Gulielmo
1391 441 1399 455 ‚
1427 419 1607 462 providentia
1628 420 1724 450 divina
1746 420 1934 460 Cantuarienst
1957 404 2200 459 Archiepiscopo,

1138 462 1246 484 ratione
1261 454 1452 492 Suspensionis
1467 455 1602 495 Episcopi
1620 457 1767 488 Lincolnie.

1172 491 1261 522 Teste
1280 491 1363 531 Rege
1375 494 1449 531 apud
1462 495 1589 532 Canbury
1597 517 1608 533 ,
1626 497 1750 534 septimo
1766 496 1812 527 die
1824 495 1911 536 Julii.

1173 567 1321 606 Johannes
1343 567 1485 612 Howfim,
1504 568 1651 608 Clericus,
1668 571 1755 602 habet
1782 571 1944 604 consimiles
1971 572 2078 604 Literas
2099 572 2204 604 Paten-

1138 607 1238 650 tesee
1264 607 1468 645 presentatione
1493 607 1526 636 ad
1545 608 1711 639 Reitoriam
1725 611 1762 640 de
1775 610 1929 641 Thorneton
1949 610 1974 640 le
1988 614 2101 649 Moore,
2127 611 2204 641 Dio-

1141 650 1209 676 cesis
1226 645 1385 684 Lincolnie,
1405 656 1453 683 per
1472 645 1690 684 resignationem
1707 648 1798 678 ultimi
1813 648 2006 680 lncumbentis
2021 650 2128 680 ibidem
2143 650 2204 687 jam

1141 693 1310 727 vacantem,
1327 684 1360 714 &
1383 685 1416 714 ad
1441 684 1566 714 nostram
1586 684 1821 722 presentationem
1837 689 1941 718 ratione
1955 689 2114 718 vacationis
2126 687 2206 718 Sedis

1142 721 1316 766 Episcopalis
1338 721 1470 764 Elienfis,
1486 733 1618 762 tempore
1636 722 1799 756 vacationis.
1813 723 1985 764 Episcopalis
2006 726 2132 765 medidie
2150 726 2204 757 hac

1141 770 1206 790 vice
1238 761 1410 799 spectantem
1431 773 1440 799 3
1480 761 1518 792 Et
1542 761 1579 792 he
1606 761 1699 791 Litere
1720 761 1877 799 diriguntur
1899 763 2149 796 Reverendiffimo
2173 767 2203 794 in

1141 798 1258 829 Christo
1283 799 1405 830 Patriae
1423 799 1575 839 Domino,
1596 799 1730 829 Domino
1746 800 1895 838 Gulielmo,
1913 802 2093 838 providentia
2109 802 2205 833 divini

1141 838 1334 905 Crlznruarienfi
1355 838 1602 877 Archiepiscopo,
1630 848 1734 868 tatione
1757 838 1949 877 Suspensionis
1971 839 2106 879 Episcopi
2127 842 2203 871 Lin-

1139 886 1168 905 co
1180 887 1232 905 me.

1178 913 1268 945 Teste
1283 914 1367 955 Rege
1381 915 1456 955 apud
1470 915 1598 956 Canbury
1608 938 1615 944 .
1637 925 1737 951 cuuto
1750 916 1797 945 ‹lie
1815 914 1901 954 Julii.

2261 576 2323 613 183.

1177 991 1302 1031 Jacobus
1320 991 1505 1030 Gentleman,
1527 991 1668 1023 Ceae-022,
1694 993 1778 1023 inber
1802 992 1966 1023 consimiles
1981 992 2087 1025 Literas
2100 993 2204 1025 Paten-

1141 1037 1181 1061 tes
1202 1030 1238 1061 de
1253 1030 1460 1067 presentatione
1475 1042 1506 1060 :w
1525 1031 1559 1060 ln.
1586 1032 1680 1061 ior-221
1710 1044 1741 1062 u
1763 1032 1962 1070 Laecanium,
1983 1031 2115 1063 Diocesis
2130 1037 2204 1063 can·

1140 1068 1301 1108 mariensis,
1320 1080 1368 1107 per
1388 1071 1598 1108 reiiglldtlolwt...
1630 1072 1652 1094 αἱ
1718 1085 1719 1088 =
1748 1070 1795 1100 {cic
1810 1074 1942 1101 2L'slbeilslS
1959 1070 2065 1101 ibidem
2080 1072 2137 1108 jam
2154 1081 2203 1102 va·
2230 1080 2233 1083 ·

1139 1116 1273 1151 cantem,
1301 1109 1333 1139 δε
1357 1108 1391 1138 ad
1413 1117 1536 1137 noitrsm
1563 1109 1666 1145 ..desen
1713 1120 1795 1139 :tivi
1820 1112 1903 1147 pierio
1922 1110 1983 1147 jure
2008 1109 2201 1147 spe6tantem3

1138 1144 1179 1189 Et
1197 1146 1355 1183 diriguntur
1377 1147 1412 1175 he
1436 1146 1529 1177 Litere
1551 1147 1795 1177 R.i·,:;·;.1uimtiio
1810 1150 1838 1177 in
1854 1147 1971 1178 Christo
1988 1147 2112 1179 Patriae
2135 1147 2202 1179 Do-

1140 1193 1238 1252 miisso,
1257 1184 1392 1215 Domino
1416 1183 1564 1224 Gulielrno,
1583 1186 1763 1223 pr‹;.·1't!.1÷.1ia
1775 1186 1873 1217 divini
1892 1186 2084 1226 CantuarIenJi
2095 1186 2200 1218 Archi-

1139 1232 1284 1260 epicopo.

1175 1260 1266 1292 Teste
1279 1261 1359 1300 Rege
1373 1262 1446 1300 apud
1465 1261 1608 1302 Canbury,
1627 1262 1841 1294 decimotertio
1855 1263 1900 1294 die
1914 1262 2002 1303 Julii.

2260 1001 2322 1034 122:

1173 1338 1295 1368 Herbert
1312 1337 1408 1377 crofle
1447 1338 1475 1368 S.
1495 1338 1536 1368 T.
1553 1337 1585 1368 B.
1602 1339 1685 1369 habet
1707 1339 1868 1371 consimiles
1889 1340 1994 1370 Literas
2009 1339 2140 1372 Parentes
2159 1340 2196 1372 de

1135 1377 1341 1421 presentatione
1360 1378 1393 1407 ad
1418 1361 1588 1408 Redioriam
1610 1378 1646 1407 de
1665 1375 1731 1417 Uley
1746 1402 1755 1415 ,
1781 1378 1914 1409 Diocesis
1939 1379 2121 1418 Glaucesirie,
2147 1388 2196 1417 per

1138 1424 1263 1446 mortem
1289 1416 1381 1446 ultimi
1405 1414 1605 1446 lncumbentis
1626 1416 1736 1447 ibidem
1757 1417 1816 1453 jam
1842 1426 2006 1453 voeantem,
2032 1418 2065 1448 ὃ(
2087 1417 2122 1448 ad
2141 1427 2196 1447 no-

1138 1454 1222 1497 stram
1240 1455 1475 1492 presentationem
1498 1455 1582 1493 pleno
1600 1454 1664 1491 jure
1686 1454 1859 1491 spectantern
1877 1467 1886 1493 ;
1924 1455 1961 1486 Er
1983 1456 2138 1492 <linguntur
2158 1455 2197 1486 he

1138 1491 1234 1534 Litere
1259 1492 1433 1523 Reverendo
1455 1494 1483 1522 in
1509 1491 1628 1523 Christo
1650 1492 1726 1523 Patri
1749 1503 1783 1525 ac
1808 1493 1942 1525 Domino
1965 1492 2115 1534 Goqfrido,
2132 1503 2198 1532 per-

1139 1531 1270 1561 niislione
1286 1531 1384 1562 divina
1400 1529 1558 1570 Gloucqstrie
1578 1531 1733 1569 Episcopo.

1174 1569 1205 1600 T
1207 1568 1264 1600 este
1281 1569 1363 1609 Rege
1377 1570 1451 1608 apud
1466 1570 1612 1610 conbury,
1630 1569 1746 1600 decimo
1761 1578 1842 1600 nono
1856 1569 1902 1600 die
1916 1569 2004 1609 Julii.

2254 1341 2313 1372 18¹.

1175 1648 1313 1676 Henricus
1330 1648 1447 1684 Neane,
1465 1645 1606 1682 Clericus,
1626 1645 1662 1675 A.
1683 1645 1729 1676 M.
1746 1646 1832 1677 habet
1849 1645 2008 1678 consimiles
2027 1645 2133 1678 Literas
2144 1646 2200 1678 Pa·
2255 1643 2318 1671 ¹⁸04

1137 1691 1227 1715 tentes
1251 1684 1287 1715 de
1307 1687 1508 1722 presentatione
1526 1685 1560 1714 ad
1580 1683 1727 1716 Borealem
1749 1693 1860 1722 partem
1883 1684 2020 1716 Rcstorie
2049 1685 2085 1716 de
2099 1684 2200 1715 Belch-

1129 1722 1219 1761 ford,
1239 1723 1293 1753 sive
1317 1723 1351 1753 ad
1375 1724 1556 1754 medietatem
1582 1721 1720 1754 Reetorie
1735 1724 1771 1754 de
1787 1721 1939 1761 Belchford
1950 1732 1984 1753 ex
2000 1732 2076 1763 parte
2091 1723 2199 1754 Boreali

1137 1761 1269 1792 Diocesis
1289 1761 1445 1800 Limum,
1466 1771 1515 1800 per
1533 1769 1658 1792 mortem
1677 1761 1771 1792 ultimi
1789 1762 1985 1792 lncumbentis
2010 1761 2116 1792 ibidem
2139 1762 2201 1800 jam

1136 1808 1283 1831 vacantem
1294 1822 1304 1838 ,
1329 1801 1362 1831 &
1387 1800 1420 1831 ad
1445 1799 1569 1831 nostram
1584 1799 1816 1839 presentationem
1832 1799 1916 1836 pleno
1928 1800 1993 1839 jure
2012 1800 2206 1839 spe6¹tantem3

1138 1838 1176 1870 Et
1190 1839 1349 1878 diriguntur
1362 1838 1399 1869 he
1416 1838 1508 1870 Litere
1525 1837 1657 1868 Patentes
1672 1837 1923 1868 Reverendisiimo
1938 1839 1967 1868 in
1989 1837 2111 1869 Christo
2126 1838 2205 1870 Patri

1137 1887 1172 1907 ac
1196 1876 1349 1915 Domino,
1367 1877 1501 1907 Domino
1519 1875 1667 1913 Gulielmo,
1686 1876 1865 1914 providentii
1884 1875 1985 1907 divina
2005 1875 2204 1916 cantuariensi

1140 1916 1386 1955 Archiepiscopo,
1402 1917 1511 1947 ratione
1525 1914 1717 1954 Suspensionis
1731 1913 1865 1954 Episcopi
1883 1914 2038 1945 Lincolnie.

1175 1954 1266 1986 Teste
1283 1953 1369 1994 Rege
1385 1954 1458 1993 apud
1478 1952 1624 1996 Canbury,
1642 1952 1760 1985 decimo
1775 1963 1857 1985 nono
1870 1952 1917 1984 die
1931 1952 2017 1994 Julii.

1179 2030 1342 2062 Nathaniel
1356 2030 1516 2068 Hancocke‚
1543 2029 1692 2070 Clericus,
1718 2029 1757 2062 A.
1773 2029 1821 2061 Μ.
1840 2030 1925 2062 habet
1943 2029 2107 2062 consimiles
2122 2029 2202 2061 Lite·
2259 2042 2270 2062 1
2313 2054 2321 2061 .

1143 2080 1185 2101 ras
1207 2070 1336 2100 Patentes
1354 2069 1391 2100 de
1410 2072 1425 2087 ⁸⁵
1444 2069 1649 2108 presentatione
1672 2069 1706 2100 ad
1729 2069 1873 2100 Vicariam
1898 2069 1934 2101 de
1950 2068 2108 2109 Portflade,
2126 2067 2205 2099 Dio-
2238 2041 2334 2109 ’ἐξ

1142 2109 1211 2139 cesis
1230 2108 1410 2152 Ciceslrenfis,
1429 2118 1478 2148 per
1498 2106 1664 2139 Cessionem
1684 2108 1777 2139 ultimi
1801 2107 2000 2139 lncumbentis
2021 2107 2134 2138 ibidem
2143 2107 2203 2146 jam
2221 2118 2252 2149 3¹
2259 2118 2285 2149 3.

1142 2157 1292 2178 vacantem
1302 2169 1312 2185 ,
1327 2147 1360 2178 &
1382 2147 1418 2177 ad
1440 2145 1567 2178 nostram
1583 2145 1819 2184 presentationem
1835 2147 1923 2185 pleno
1941 2146 1998 2177 'ure
2013 2146 2206 2185 spedianoem,

1144 2186 1183 2217 Et
1206 2187 1363 2225 diriguntur
1385 2185 1423 2215 he
1444 2185 1538 2217 Litere
1564 2185 1739 2216 Reverendo
1753 2186 1783 2215 in
1798 2184 1918 2216 Christo
1961 2185 2058 2217 atriae
2072 2183 2206 2216 Domino

1144 2228 1268 2262 Briano,
1287 2223 1468 2262 permiffione
1482 2223 1582 2254 divina
1598 2222 1751 2293 Cic‘efrenst
1763 2224 1918 2262 Episcopo.

1182 2263 1272 2295 Teste
1287 2262 1373 2301 Rege
1387 2262 1461 2302 apud
1476 2262 1603 2301 Canbury
1614 2284 1623 2300 ,
1662 2263 1759 2293 ecimo
1775 2272 1858 2294 nono
1873 2262 1919 2295 die
1933 2261 2020 2302 Julii.

1184 2342 1319 2371 Henricus
1339 2339 1452 2380 Strelley
1470 2340 1534 2371 alias
1550 2338 1676 2380 Sturley,
1692 2338 1832 2378 Clericus,
1853 2339 1886 2370 A.
1907 2337 1955 2369 M.
1973 2338 2058 2369 habet
2072 2337 2209 2370 consimi-
2261 2339 2323 2376 178:

1143 2380 1181 2411 les
1201 2379 1306 2422 Literas
1323 2378 1454 2410 Patentes
1478 2378 1514 2409 de
1532 2378 1734 2418 presentatione
1747 2378 1781 2409 ad
1802 2377 1972 2409 Red’toriam
1993 2377 2029 2408 de
2050 2376 2206 2416 Withrall‚

1145 2419 1277 2449 Dioceiis
1302 2417 1464 2454 Lincolnie,
1482 2426 1532 2454 pet
1551 2425 1678 2447 mortem
1699 2417 1791 2448 ultimi
1814 2416 2012 2448 lncumbentis
2028 2416 2134 2447 ibidem
2148 2416 2207 2454 jam

1146 2466 1311 2494 vacantem,
1330 2457 1363 2488 &
1383 2456 1416 2486 ad
1438 2456 1565 2486 nostram
1582 2456 1822 2493 presentationem
1838 2456 1925 2494 pleno
1940 2456 1998 2491 jure
2013 2453 2205 2492 speetantem3

1145 2496 1182 2526 Et
1205 2496 1359 2534 diriguntur
1382 2495 1419 2525 he
1442 2494 1539 2524 Litere
1555 2493 1803 2524 Reverendiffimo
1816 2495 1847 2524 in
1863 2492 1985 2524 Christo
2000 2491 2076 2523 Patri
2091 2502 2124 2523 ac
2138 2490 2206 2522 Do·

1145 2536 1245 2572 mino,
1262 2533 1397 2563 Domino
1418 2532 1568 2569 Gulielmo,
1586 2532 1765 2569 providentii
1785 2532 1883 2563 divina
1901 2531 2092 2571 Cantaurienfi
2105 2530 2208 2562 Archi-

1144 2574 1280 2614 episcopo
1317 2572 1426 2602 ratione
1442 2570 1632 2609 Suspensionis
1647 2570 1783 2608 Episcopi
1797 2569 1947 2601 Lincolnie.

1182 2611 1272 2642 Teste
1288 2595 1374 2648 Rege
1387 2609 1461 2648 apud
1475 2610 1598 2648 Canbury
1608 2632 1618 2647 ,
1636 2612 1733 2649 primo
1747 2609 1794 2640 die
1808 2608 1935 2647 Augusti.

1184 2689 1301 2720 Thomas
1319 2690 1446 2723 Ventris,
1467 2685 1615 2724 Clericus,
1633 2684 1669 2716 A.
1692 2684 1740 2716 M.
1758 2685 1843 2716 habet
1858 2683 2021 2715 consimiles
2037 2683 2144 2714 Literas
2153 2681 2208 2713 Pa-

1150 2737 1240 2760 tentes
1255 2728 1290 2757 de
1305 2725 1507 2763 presentatione
1521 2725 1555 2754 ad
1570 2723 1718 2760 Hospitale
1736 2732 1890 2760 pauperum
1905 2722 2094 2753 Sacerdotum
2109 2722 2139 2752 in
2153 2720 2208 2751 Ci-

1151 2769 1235 2798 vitate
1251 2763 1456 2802 Cantuarienfi,
1471 2772 1541 2793 cum
1557 2761 1683 2792 Ecclesia
1699 2763 1799 2790 Sanele
1815 2764 1978 2798 Margarete
1990 2759 2081 2789 eidem
2092 2768 2198 2790 annexa

1152 2804 1283 2836 Diocesis
1300 2800 1520 2838 Cantuarienfis‚
1533 2801 1594 2838 jam
1611 2800 1749 2836 legittime
1766 2800 1800 2830 &
1818 2799 1854 2830 de
1865 2800 1928 2837 jure
1946 2806 2108 2835 vacantem,
2125 2798 2159 2829 &
2175 2808 2191 2829 a

1151 2844 1278 2874 nostram
1304 2840 1539 2878 presentationem
1566 2847 1616 2875 per
1638 2837 1745 2876 lapsum
1770 2838 1907 2875 temporis
1930 2837 1983 2867 hac
2001 2837 2066 2867 vice
2084 2836 2213 2872 spectan-

1153 2891 1231 2918 tem,
1250 2879 1285 2910 Et
1301 2880 1460 2917 diriguntur
1477 2877 1513 2906 he
1529 2876 1622 2906 Litere
1634 2874 1886 2906 Reverendissimo
1902 2876 1930 2904 in
1947 2873 2067 2905 Christo
2085 2873 2212 2905 Patriae

1154 2920 1309 2954 Domino,
1329 2917 1465 2947 Domino
1476 2914 1628 2952 Gulielmo,
1642 2914 1821 2952 providentii
1836 2913 1935 2944 divina
1950 2911 2143 2952 cantuariensi
2154 2913 2212 2944 Ar-

1154 2959 1220 2990 chie
1242 2958 1297 2986 isco
1319 2966 1346 2985 o.

1192 2967 1281 3027 Tgste
1299 2965 1385 3032 lRege
1399 2992 1473 3032 apud
1489 2990 1633 3031 Canbury,
1650 2990 1769 3022 decimo
1785 2990 1830 3022 die
1843 2989 1971 3029 Augusti.

2262 2690 2324 2717 ¹77·

1194 3075 1284 3103 Lucas
1309 3069 1412 3107 Smith‚
1438 3068 1583 3106 Clericus,
1607 3067 1692 3098 habet
1716 3066 1875 3098 consimiles
1897 3066 2006 3098 Literas
2027 3065 2158 3096 Patentes
2176 3063 2213 3096 de

1158 3111 1363 3151 presentatione
1384 3108 1418 3138 ad
1444 3107 1610 3139 Reeioriam
1636 3106 1672 3136 de
1696 3105 1902 3144 Birmingham,
1922 3104 2051 3136 Diocefis
2069 3106 2215 3133 Coventrie

1160 3150 1198 3185 (ἔγ
1211 3147 1364 3186 Lichenfis,
1379 3147 1439 3184 jam
1457 3146 1593 3186 legittime
1608 3144 1642 3175 &
1654 3144 1691 3175 de
1702 3146 1766 3183 jure
1784 3153 1934 3175 vacantem
1952 3166 1962 3179 ‚
1975 3142 2018 3185 ⁹&
2033 3142 2069 3171 ad
2087 3140 2215 3172 nostram

1159 3188 1395 3227 presentationem
1411 3184 1580 3222 perlapsum
1595 3185 1750 3222 temporis,
1768 3183 1825 3213 five
1839 3192 1889 3219 per
1904 3187 2068 3218 pravitatem
2085 3178 2216 3210 Simonie

1162 3229 1218 3258 hac
1240 3228 1304 3256 vice
1326 3223 1499 3261 spe&antem
1527 3234 1537 3260 3
1574 3221 1610 3252 Et
1630 3221 1788 3259 diriguntur
1808 3221 1844 3249 he
1866 3219 1962 3248 Litere
1983 3216 2164 3260 ‚Reverendo
2188 3219 2218 3248 in

1163 3264 1283 3296 Christo
1308 3262 1381 3292 Patri
1406 3271 1438 3292 ac
1461 3261 1596 3291 Domino
1611 3260 1745 3295 Roberto,
1763 3256 1947 3295 permissione
1961 3254 2058 3286 divmsi
2071 3258 2219 3287 coventrie

1162 3303 1200 3339 ῤ’
1215 3301 1319 3332 Lichen
1331 3311 1339 3327 ι
1355 3299 1509 3337 Episcopo.
1708 3333 1714 3339 ι
1804 3332 1809 3338 Ι

1199 3339 1289 3372 Teste
1338 3348 1390 3377 ege
1403 3338 1476 3376 apud
1490 3335 1633 3372 Canbury,
1650 3332 1769 3364 decimo
1781 3331 1829 3363 die
1840 3330 1967 3371 Augusti.

1203 3415 1351 3455 Johas.nes
1375 3416 1472 3451 Ganvy
1496 3412 1560 3442 alias
1584 3412 1630 3440 De
1653 3408 1682 3439 Ia
1707 3406 1936 3452 champagrqalle,
1961 3407 2109 3447 Clericus,
2135 3407 2220 3441 habet

1168 3454 1331 3487 consimiles
1365 3452 1471 3483 Literas
1505 3450 1637 3480 Patentes
1657 3447 1693 3477 de
1715 3446 1918 3484 presentatione
1938 3447 1972 3477 ad
1990 3446 2160 3478 Redoriam
2181 3446 2220 3478 de

1170 3491 1299 3530 Nangulo
1318 3491 1383 3521 alias
1400 3487 1531 3525 Augaia,
1558 3485 1689 3516 Diocefis
1708 3484 1900 3526 Menevenfis,
1919 3495 1967 3522 per
1987 3494 2111 3517 mortem
2127 3484 2222 3528 ultimi

1171 3529 1369 3562 lncumbentis
1386 3527 1496 3557 ibidem
1514 3526 1575 3562 jam
1593 3530 1743 3566 vacantem
1755 3545 1771 3566 U,
1797 3524 1829 3554 &
1849 3523 1883 3554 ad
1901 3523 2027 3554 nostram
2041 3522 2225 3561 presentatio-

1171 3568 1343 3637 ”ehhpl‘isg'
1357 3562 1630 3634 ὲέἓῗὶῖἓᾶἕὲἒὲἓὲ
1642 3560 1964 3638 Ezeffffsssszffilfliffn}
1967 3560 2082 3631 iiiiii?
2072 3562 2226 3631 &1355ss

1172 3618 1201 3638 in
1266 3616 1286 3636 ri
1748 3622 1758 3638 ,
2211 3617 2225 3624 -

1165 3646 1195 3687 fi
1213 3643 1404 3717 {EliizoRZ’ge
1420 3676 1493 3717 apud
1510 3675 1653 3714 Canbury,
1670 3675 1774 3707 odlavo
1787 3676 1834 3708 die
1850 3675 1977 3718 Augusti.

2270 3076 2329 3111 176.

2271 3433 2333 3461 ¹751

1219 3755 1365 3787 Gulielmus
1384 3752 1537 3791 Hutchins,
1561 3752 1589 3783 S.
1609 3752 1650 3784 T.
1671 3752 1701 3783 Β.
1720 3754 1807 3784 habet
1824 3752 1983 3785 consimiles
2002 3752 2108 3784 Literas
2123 3753 2231 3786 Paten-
2276 3765 2339 3802 ,747

117 3805 231 3840 Samuel
248 3807 372 3839 Feriam,
397 3800 544 3837 Clericus,
563 3802 599 3831 A.
626 3800 676 3832 M.
690 3800 776 3831 habet
788 3798 948 3831 consimiles
962 3797 1068 3829 Literas
1084 3797 1150 3830 Pa:
1180 3804 1221 3827 tes
1234 3795 1270 3825 de
1281 3792 1485 3837 presentatione
1497 3793 1531 3835 ad
1550 3790 1712 3821 Redioriam
1724 3792 1760 3823 de
1773 3791 1963 3831 Gowsworth,
1980 3790 2111 3823 Diocesis
2124 3791 2233 3832 Cestrie,

0 3831 38 3869 ⁸5·
81 3857 173 3881 oentes
195 3845 230 3874 de
251 3841 453 3881 presentatione
470 3839 505 3869 ad
529 3839 674 3869 Vicariam
698 3840 734 3868 de
748 3837 915 3878 Nynehead,
935 3836 1066 3867 Diocesis
1080 3839 1141 3866 Ba-
1178 3836 1240 3873 jam
1254 3833 1392 3871 legittime
1408 3831 1441 3862 ὃ(
1453 3829 1489 3860 de
1500 3840 1563 3867 jure
1579 3838 1744 3868 vacantem,
1759 3831 1793 3862 δε
1807 3831 1842 3861 ad
1858 3829 1981 3860 nostram
1999 3832 2236 3867 presentationem

84 3888 177 3919 thonie

84 3931 252 3959 vacantem,
272 3920 304 3950 δε
323 3920 356 3947 ad
381 3916 505 3946 nostram
529 3915 761 3952 presentationem
779 3915 865 3953 pleno
878 3915 935 3958 jure
947 3913 1139 3952 spectantem

199 3881 236 3917 ό»
257 3877 406 3917 Wellenfis,
421 3887 468 3914 per
489 3886 612 3907 mortem
635 3877 724 3907 ultimi
746 3875 940 3907 lncumbentis
958 3875 1063 3905 ibidem
1075 3875 1137 3912 jam
1181 3882 1231 3910 per
1250 3869 1374 3908 Lapsum
1389 3871 1543 3907 temporis,
1559 3868 1614 3898 sive
1633 3877 1683 3905 per
1701 3870 1867 3906 pravitatem
1888 3868 2018 3898 Simonie
2030 3868 2082 3898 hac
2097 3870 2161 3900 vice
2173 3870 2234 3908 spe-

1181 3911 1327 3946 ctantem,
1360 3906 1398 3938 Et
1411 3907 1569 3947 diriguntur
1585 3908 1620 3938 he
1637 3908 1731 3938 Litere
1748 3906 1920 3937 Reverendo
1935 3907 1966 3937 in
1981 3905 2100 3937 Christo
2113 3906 2188 3940 Patri
2201 3917 2234 3939 ac
2266 3947 2272 3953 ι

84 3964 121 3996 Et
143 3962 299 3998 diriguntur
321 3956 357 3985 he
380 3954 475 3983 Litere
493 3953 663 3983 Reverendo
682 3954 711 3981 iii
727 3952 846 3982 Christo
862 3952 937 3983 Patri
953 3961 984 3981 ac
1004 3950 1141 3983 Domino
1183 3944 1479 4015 Dominogohanm,
1498 3945 1677 3984 PfffffllffiOsse
1693 3944 1791 3975 diVinfi
1804 3944 1902 3982 cestrie
1915 3943 2070 3983 EPlsCOPO·

81 3999 235 4034 Gulielmo,
250 3992 431 4034 permissione
447 3991 545 4021 divini
560 3990 698 4033 Bqthonie
716 3989 754 4024 ὠ
773 3990 900 4060 Wlleilff
914 3989 1066 4035 Episcopo.

118 4038 209 4071 Teste
222 4037 305 4075 Rege
318 4031 392 4071 apud
406 4029 527 4068 συκέην]
537 4053 546 4067 ,
572 4028 710 4061 vicesimo
723 4027 849 4060 secundo
883 4038 908 4060 ie
923 4027 1019 4067 Junn.

1218 3984 1307 4018 Teste
1353 3993 1403 4023 ege
1422 3984 1497 4022 apud
1511 3984 1651 4022 Curabar),
1669 3983 1808 4017 vicesimo
1822 3982 1946 4021 septimo
1959 3983 2005 4017 die
2017 3983 2098 4022 Julii.

2095 4056 2242 4098 Johannee
