<?xml version="1.0" encoding="UTF-8"?>
<!DOCTYPE html PUBLIC "-//W3C//DTD XHTML 1.0 Transitional//EN"
    "http://www.w3.org/TR/xhtml1/DTD/xhtml1-transitional.dtd">
<html xmlns="http://www.w3.org/1999/xhtml" xml:lang="en" lang="en">
 <head>
  <title>
</title>
<meta http-equiv="Content-Type" content="text/html;charset=utf-8" />
  <meta name='ocr-system' content='tesseract 3.04.00' />
  <meta name='ocr-capabilities' content='ocr_page ocr_carea ocr_par ocr_line ocrx_word'/>
</head>
<body>
  <div class='ocr_page' id='page_1' title='image "./fderaconventione09ryme/fderaconventione09ryme_0336.png"; bbox 0 0 2561 4263; ppageno 0'>
   <div class='ocr_carea' id='block_1_1' title="bbox 42 138 1142 206">
    <p class='ocr_par' dir='ltr' id='par_1_1' title="bbox 42 138 1142 206">
     <span class='ocr_line' id='line_1_1' title="bbox 42 138 1142 206; baseline -0.006 -17"><span class='ocrx_word' id='word_1_1' title='bbox 42 155 125 206; x_wconf 51' lang='grc' dir='ltr'>,ψ</span> <span class='ocrx_word' id='word_1_2' title='bbox 487 138 1142 189; x_wconf 76' lang='lat' dir='ltr'>coNvENTioN</span> 
     </span>
    </p>
   </div>
   <div class='ocr_carea' id='block_1_2' title="bbox 0 227 1160 3570">
    <p class='ocr_par' dir='ltr' id='par_1_2' title="bbox 0 227 1160 3570">
     <span class='ocr_line' id='line_1_2' title="bbox 0 227 1120 276; baseline -0.008 -7"><span class='ocrx_word' id='word_1_3' title='bbox 0 233 24 264; x_wconf 79' lang='lat'>&gt;-</span> <span class='ocrx_word' id='word_1_4' title='bbox 44 248 104 269; x_wconf 90' lang='lat' dir='ltr'>non</span> <span class='ocrx_word' id='word_1_5' title='bbox 120 246 229 276; x_wconf 89' lang='lat' dir='ltr'>curata,</span> <span class='ocrx_word' id='word_1_6' title='bbox 247 237 396 275; x_wconf 85' lang='lat' dir='ltr'>videlicet,</span> <span class='ocrx_word' id='word_1_7' title='bbox 413 234 558 268; x_wconf 83' lang='lat' dir='ltr'>Vicarias,</span> <span class='ocrx_word' id='word_1_8' title='bbox 573 229 758 268; x_wconf 84' lang='lat' dir='ltr'>Personatus,</span> <span class='ocrx_word' id='word_1_9' title='bbox 776 228 993 274; x_wconf 64' lang='lat' dir='ltr'>Erebendarias,</span> <span class='ocrx_word' id='word_1_10' title='bbox 1010 227 1120 273; x_wconf 77' lang='lat' dir='ltr'>Canta-</span> 
     </span>
     <span class='ocr_line' id='line_1_3' title="bbox 0 268 1118 315; baseline -0.011 -6"><span class='ocrx_word' id='word_1_11' title='bbox 0 296 2 301; x_wconf 93' lang='lat'><em>·</em></span> <span class='ocrx_word' id='word_1_12' title='bbox 47 280 116 315; x_wconf 85' lang='lat' dir='ltr'>rias,</span> <span class='ocrx_word' id='word_1_13' title='bbox 137 276 283 315; x_wconf 73' lang='lat' dir='ltr'>Capenas,</span> <span class='ocrx_word' id='word_1_14' title='bbox 305 274 482 312; x_wconf 83' lang='lat' dir='ltr'>Hospitales,</span> <span class='ocrx_word' id='word_1_15' title='bbox 510 271 688 307; x_wconf 80' lang='lat' dir='ltr'>Dignitates,</span> <span class='ocrx_word' id='word_1_16' title='bbox 714 268 993 306; x_wconf 83' lang='lat' dir='ltr'>Archidiaconatus‚</span> <span class='ocrx_word' id='word_1_17' title='bbox 1011 268 1045 298; x_wconf 91' lang='lat'>&amp;</span> <span class='ocrx_word' id='word_1_18' title='bbox 1067 268 1118 297; x_wconf 90' lang='lat' dir='ltr'>alia</span> 
     </span>
     <span class='ocr_line' id='line_1_4' title="bbox 47 304 1119 355; baseline -0.012 -7"><span class='ocrx_word' id='word_1_19' title='bbox 47 315 189 349; x_wconf 81' lang='lat' dir='ltr'>Beneficia</span> <span class='ocrx_word' id='word_1_20' title='bbox 207 324 376 355; x_wconf 85' lang='lat' dir='ltr'>quecunque</span> <span class='ocrx_word' id='word_1_21' title='bbox 397 312 442 349; x_wconf 91' lang='lat' dir='ltr'>(N</span> <span class='ocrx_word' id='word_1_22' title='bbox 446 309 671 341; x_wconf 84' lang='lat' dir='ltr'>ominationibus</span> <span class='ocrx_word' id='word_1_23' title='bbox 686 307 979 350; x_wconf 74' lang='lat' dir='ltr'>Archiepiscoporurn</span> <span class='ocrx_word' id='word_1_24' title='bbox 993 307 1027 338; x_wconf 89' lang='lat'>&amp;</span> <span class='ocrx_word' id='word_1_25' title='bbox 1049 304 1119 343; x_wconf 90' lang='lat' dir='ltr'>Epi-</span> 
     </span>
     <span class='ocr_line' id='line_1_5' title="bbox 2 344 1120 395; baseline -0.013 -7"><span class='ocrx_word' id='word_1_26' title='bbox 2 371 9 380; x_wconf 91' lang='lat'>·</span> <span class='ocrx_word' id='word_1_27' title='bbox 47 356 202 395; x_wconf 87' lang='lat' dir='ltr'>scoporum</span> <span class='ocrx_word' id='word_1_28' title='bbox 220 355 329 392; x_wconf 81' lang='lat' dir='ltr'>semper</span> <span class='ocrx_word' id='word_1_29' title='bbox 344 352 486 387; x_wconf 84' lang='lat' dir='ltr'>exeeptis)</span> <span class='ocrx_word' id='word_1_30' title='bbox 504 357 565 379; x_wconf 91' lang='lat' dir='ltr'>tam</span> <span class='ocrx_word' id='word_1_31' title='bbox 581 348 610 379; x_wconf 89' lang='lat' dir='ltr'>in</span> <span class='ocrx_word' id='word_1_32' title='bbox 632 346 768 378; x_wconf 84' lang='lat' dir='ltr'>Ecclesiis</span> <span class='ocrx_word' id='word_1_33' title='bbox 791 344 1009 376; x_wconf 87' lang='lat' dir='ltr'>Cathedralibus</span> <span class='ocrx_word' id='word_1_34' title='bbox 1030 353 1120 388; x_wconf 88' lang='lat' dir='ltr'>quam</span> 
     </span>
     <span class='ocr_line' id='line_1_6' title="bbox 51 384 1118 433; baseline -0.014 -6"><span class='ocrx_word' id='word_1_35' title='bbox 51 394 229 433; x_wconf 79' lang='lat' dir='ltr'>collegiatis,</span> <span class='ocrx_word' id='word_1_36' title='bbox 250 391 444 428; x_wconf 85' lang='lat' dir='ltr'>Hospitalibus</span> <span class='ocrx_word' id='word_1_37' title='bbox 459 389 493 419; x_wconf 91' lang='lat'>&amp;</span> <span class='ocrx_word' id='word_1_38' title='bbox 508 385 734 422; x_wconf 86' lang='lat' dir='ltr'>Parochialibus,</span> <span class='ocrx_word' id='word_1_39' title='bbox 752 386 781 414; x_wconf 93' lang='lat' dir='ltr'>in</span> <span class='ocrx_word' id='word_1_40' title='bbox 797 384 1118 426; x_wconf 19' lang='lat' dir='ltr'>quocunqueyloconin-</span> 
     </span>
     <span class='ocr_line' id='line_1_7' title="bbox 53 421 1120 472; baseline -0.015 -6"><span class='ocrx_word' id='word_1_41' title='bbox 53 435 96 466; x_wconf 81' lang='lat' dir='ltr'>fra</span> <span class='ocrx_word' id='word_1_42' title='bbox 112 433 249 472; x_wconf 85' lang='lat' dir='ltr'>Regnum</span> <span class='ocrx_word' id='word_1_43' title='bbox 263 430 394 461; x_wconf 90' lang='lat' dir='ltr'>nostrum</span> <span class='ocrx_word' id='word_1_44' title='bbox 411 426 544 456; x_wconf 65' lang='lat' dir='ltr'>Hiber-nie</span> <span class='ocrx_word' id='word_1_45' title='bbox 556 424 719 462; x_wconf 68' lang='lat' dir='ltr'>predictum</span> <span class='ocrx_word' id='word_1_46' title='bbox 729 445 739 461; x_wconf 90' lang='lat'>‚</span> <span class='ocrx_word' id='word_1_47' title='bbox 754 431 928 461; x_wconf 87' lang='lat' dir='ltr'>quocunque</span> <span class='ocrx_word' id='word_1_48' title='bbox 944 421 1047 465; x_wconf 78' lang='lat' dir='ltr'>Titulo</span> <span class='ocrx_word' id='word_1_49' title='bbox 1058 430 1120 459; x_wconf 84' lang='lat' dir='ltr'>Jarn</span> 
     </span>
     <span class='ocr_line' id='line_1_8' title="bbox 53 462 1123 505; baseline -0.016 0"><span class='ocrx_word' id='word_1_50' title='bbox 53 472 194 505; x_wconf 87' lang='lat' dir='ltr'>Vacantia</span> <span class='ocrx_word' id='word_1_51' title='bbox 210 471 255 502; x_wconf 93' lang='lat' dir='ltr'>seu</span> <span class='ocrx_word' id='word_1_52' title='bbox 277 466 466 505; x_wconf 88' lang='lat' dir='ltr'>imposterum</span> <span class='ocrx_word' id='word_1_53' title='bbox 488 473 522 495; x_wconf 88' lang='lat' dir='ltr'>ex</span> <span class='ocrx_word' id='word_1_54' title='bbox 544 462 625 494; x_wconf 84' lang='lat' dir='ltr'>causa</span> <span class='ocrx_word' id='word_1_55' title='bbox 641 471 814 501; x_wconf 81' lang='lat' dir='ltr'>quacunque</span> <span class='ocrx_word' id='word_1_56' title='bbox 829 470 929 504; x_wconf 79' lang='lat' dir='ltr'>vacare</span> <span class='ocrx_word' id='word_1_57' title='bbox 951 468 1123 498; x_wconf 88' lang='lat' dir='ltr'>contingen-</span> 
     </span>
     <span class='ocr_line' id='line_1_9' title="bbox 53 497 1124 543; baseline -0.015 0"><span class='ocrx_word' id='word_1_58' title='bbox 53 513 92 543; x_wconf 87' lang='lat' dir='ltr'>tia</span> <span class='ocrx_word' id='word_1_59' title='bbox 118 512 151 542; x_wconf 92' lang='lat'>&amp;</span> <span class='ocrx_word' id='word_1_60' title='bbox 165 509 200 540; x_wconf 90' lang='lat' dir='ltr'>ad</span> <span class='ocrx_word' id='word_1_61' title='bbox 212 507 464 540; x_wconf 77' lang='lat' dir='ltr'>presentationem,</span> <span class='ocrx_word' id='word_1_62' title='bbox 479 502 676 533; x_wconf 85' lang='lat' dir='ltr'>Collationem</span> <span class='ocrx_word' id='word_1_63' title='bbox 693 500 750 531; x_wconf 87' lang='lat' dir='ltr'>sive</span> <span class='ocrx_word' id='word_1_64' title='bbox 763 499 966 543; x_wconf 72' lang='lat' dir='ltr'>Donationem</span> <span class='ocrx_word' id='word_1_65' title='bbox 986 497 1124 542; x_wconf 85' lang='lat' dir='ltr'>nostram,</span> 
     </span>
     <span class='ocr_line' id='line_1_10' title="bbox 52 534 1122 589; baseline -0.013 -9"><span class='ocrx_word' id='word_1_66' title='bbox 52 534 228 589; x_wconf 62' lang='lat' dir='ltr'>quocunque</span> <span class='ocrx_word' id='word_1_67' title='bbox 250 545 341 576; x_wconf 90' lang='lat' dir='ltr'>modo</span> <span class='ocrx_word' id='word_1_68' title='bbox 364 542 535 583; x_wconf 56' lang='lat' dir='ltr'>imitantia,</span> <span class='ocrx_word' id='word_1_69' title='bbox 553 541 677 578; x_wconf 84' lang='lat' dir='ltr'>personis</span> <span class='ocrx_word' id='word_1_70' title='bbox 698 538 810 570; x_wconf 83' lang='lat' dir='ltr'>idoneis</span> <span class='ocrx_word' id='word_1_71' title='bbox 832 537 1048 578; x_wconf 88' lang='lat' dir='ltr'>quibuscunque</span> <span class='ocrx_word' id='word_1_72' title='bbox 1071 537 1122 581; x_wconf 84' lang='lat' dir='ltr'>sibi</span> 
     </span>
     <span class='ocr_line' id='line_1_11' title="bbox 53 577 1126 628; baseline -0.015 -9"><span class='ocrx_word' id='word_1_73' title='bbox 53 588 205 628; x_wconf 86' lang='lat' dir='ltr'>placuerit,</span> <span class='ocrx_word' id='word_1_74' title='bbox 222 584 326 622; x_wconf 85' lang='lat' dir='ltr'>dandi,</span> <span class='ocrx_word' id='word_1_75' title='bbox 344 580 527 613; x_wconf 88' lang='lat' dir='ltr'>concedendi</span> <span class='ocrx_word' id='word_1_76' title='bbox 542 581 574 610; x_wconf 90' lang='lat'>&amp;</span> <span class='ocrx_word' id='word_1_77' title='bbox 591 578 781 615; x_wconf 87' lang='lat' dir='ltr'>conferendi,</span> <span class='ocrx_word' id='word_1_78' title='bbox 797 578 831 608; x_wconf 92' lang='lat'>&amp;</span> <span class='ocrx_word' id='word_1_79' title='bbox 852 577 886 621; x_wconf 81' lang='lat' dir='ltr'>ad</span> <span class='ocrx_word' id='word_1_80' title='bbox 908 577 1009 608; x_wconf 89' lang='lat' dir='ltr'>eadem</span> <span class='ocrx_word' id='word_1_81' title='bbox 1024 585 1126 606; x_wconf 84' lang='lat' dir='ltr'>omnia</span> 
     </span>
     <span class='ocr_line' id='line_1_12' title="bbox 55 613 1129 664; baseline -0.013 -6"><span class='ocrx_word' id='word_1_82' title='bbox 55 628 90 659; x_wconf 91' lang='lat'>&amp;</span> <span class='ocrx_word' id='word_1_83' title='bbox 108 624 211 664; x_wconf 83' lang='lat' dir='ltr'>singula</span> <span class='ocrx_word' id='word_1_84' title='bbox 223 631 348 661; x_wconf 87' lang='lat' dir='ltr'>quorum</span> <span class='ocrx_word' id='word_1_85' title='bbox 362 621 398 652; x_wconf 81' lang='lat' dir='ltr'>ad</span> <span class='ocrx_word' id='word_1_86' title='bbox 413 630 465 651; x_wconf 83' lang='lat' dir='ltr'>nos</span> <span class='ocrx_word' id='word_1_87' title='bbox 485 618 724 655; x_wconf 83' lang='lat' dir='ltr'>Presentationes,</span> <span class='ocrx_word' id='word_1_88' title='bbox 751 615 935 650; x_wconf 79' lang='lat' dir='ltr'>Donationes</span> <span class='ocrx_word' id='word_1_89' title='bbox 953 616 1009 647; x_wconf 83' lang='lat' dir='ltr'>five</span> <span class='ocrx_word' id='word_1_90' title='bbox 1030 613 1129 659; x_wconf 81' lang='lat' dir='ltr'>Colla-</span> 
     </span>
     <span class='ocr_line' id='line_1_13' title="bbox 58 654 1128 701; baseline -0.013 -4"><span class='ocrx_word' id='word_1_91' title='bbox 58 668 151 698; x_wconf 85' lang='lat' dir='ltr'>tiones</span> <span class='ocrx_word' id='word_1_92' title='bbox 163 686 172 701; x_wconf 93' lang='lat'>‚</span> <span class='ocrx_word' id='word_1_93' title='bbox 191 662 319 700; x_wconf 69' lang='lat' dir='ltr'>spectant</span> <span class='ocrx_word' id='word_1_94' title='bbox 335 660 369 691; x_wconf 80' lang='grc' dir='ltr'>δι</span> <span class='ocrx_word' id='word_1_95' title='bbox 386 660 528 698; x_wconf 82' lang='lat' dir='ltr'>pertinent</span> <span class='ocrx_word' id='word_1_96' title='bbox 538 657 588 694; x_wconf 83' lang='lat'>,&amp;</span> <span class='ocrx_word' id='word_1_97' title='bbox 604 655 708 686; x_wconf 83' lang='lat' dir='ltr'>statum</span> <span class='ocrx_word' id='word_1_98' title='bbox 724 656 758 687; x_wconf 88' lang='lat'>&amp;</span> <span class='ocrx_word' id='word_1_99' title='bbox 773 654 974 693; x_wconf 83' lang='lat' dir='ltr'>poffeffionem</span> <span class='ocrx_word' id='word_1_100' title='bbox 991 663 1128 698; x_wconf 81' lang='lat' dir='ltr'>omniurn</span> 
     </span>
     <span class='ocr_line' id='line_1_14' title="bbox 59 693 1128 740; baseline -0.009 -7"><span class='ocrx_word' id='word_1_101' title='bbox 59 706 93 737; x_wconf 86' lang='lat'>&amp;</span> <span class='ocrx_word' id='word_1_102' title='bbox 110 700 286 740; x_wconf 87' lang='lat' dir='ltr'>singulorum</span> <span class='ocrx_word' id='word_1_103' title='bbox 301 700 351 738; x_wconf 87' lang='lat' dir='ltr'>qui</span> <span class='ocrx_word' id='word_1_104' title='bbox 370 699 406 729; x_wconf 91' lang='lat' dir='ltr'>de</span> <span class='ocrx_word' id='word_1_105' title='bbox 419 705 523 728; x_wconf 88' lang='lat' dir='ltr'>eorum</span> <span class='ocrx_word' id='word_1_106' title='bbox 538 696 678 734; x_wconf 84' lang='lat' dir='ltr'>aliquibus</span> <span class='ocrx_word' id='word_1_107' title='bbox 693 694 889 732; x_wconf 80' lang='lat' dir='ltr'>posseffionati</span> <span class='ocrx_word' id='word_1_108' title='bbox 900 693 1041 731; x_wconf 79' lang='lat' dir='ltr'>existunt,</span> <span class='ocrx_word' id='word_1_109' title='bbox 1060 701 1128 724; x_wconf 83' lang='lat' dir='ltr'>rati-</span> 
     </span>
     <span class='ocr_line' id='line_1_15' title="bbox 56 732 1129 779; baseline -0.011 -5"><span class='ocrx_word' id='word_1_110' title='bbox 56 740 178 777; x_wconf 82' lang='lat' dir='ltr'>ficandi,</span> <span class='ocrx_word' id='word_1_111' title='bbox 195 748 232 779; x_wconf 91' lang='lat' dir='ltr'>ap</span> <span class='ocrx_word' id='word_1_112' title='bbox 253 737 372 769; x_wconf 82' lang='lat' dir='ltr'>robandi</span> <span class='ocrx_word' id='word_1_113' title='bbox 387 738 421 769; x_wconf 88' lang='lat'>&amp;</span> <span class='ocrx_word' id='word_1_114' title='bbox 440 733 688 773; x_wconf 75' lang='lat' dir='ltr'>confirmandi‚ac</span> <span class='ocrx_word' id='word_1_115' title='bbox 704 732 1129 772; x_wconf 79' lang='lat' dir='ltr'>privilegia,Libertates,lm-</span> 
     </span>
     <span class='ocr_line' id='line_1_16' title="bbox 59 771 1130 812; baseline -0.01 -1"><span class='ocrx_word' id='word_1_116' title='bbox 59 780 211 811; x_wconf 84' lang='lat' dir='ltr'>munitates</span> <span class='ocrx_word' id='word_1_117' title='bbox 277 775 485 808; x_wconf 70' lang='lat' dir='ltr'>Conceffiona</span> <span class='ocrx_word' id='word_1_118' title='bbox 495 797 505 812; x_wconf 90' lang='lat'>‚</span> <span class='ocrx_word' id='word_1_119' title='bbox 523 783 572 812; x_wconf 89' lang='lat' dir='ltr'>per</span> <span class='ocrx_word' id='word_1_120' title='bbox 581 772 796 804; x_wconf 81' lang='lat' dir='ltr'>Predecessores</span> <span class='ocrx_word' id='word_1_121' title='bbox 810 771 925 803; x_wconf 85' lang='lat' dir='ltr'>nostros</span> <span class='ocrx_word' id='word_1_122' title='bbox 934 771 1130 810; x_wconf 89' lang='lat' dir='ltr'>quoscunque,</span> 
     </span>
     <span class='ocr_line' id='line_1_17' title="bbox 56 810 1130 855; baseline -0.01 -5"><span class='ocrx_word' id='word_1_123' title='bbox 56 827 105 850; x_wconf 87' lang='lat' dir='ltr'>aut</span> <span class='ocrx_word' id='word_1_124' title='bbox 118 817 226 855; x_wconf 85' lang='lat' dir='ltr'>aliquos</span> <span class='ocrx_word' id='word_1_125' title='bbox 239 816 327 854; x_wconf 90' lang='lat' dir='ltr'>alios,</span> <span class='ocrx_word' id='word_1_126' title='bbox 342 823 409 846; x_wconf 87' lang='lat' dir='ltr'>ante</span> <span class='ocrx_word' id='word_1_127' title='bbox 423 814 478 845; x_wconf 89' lang='lat' dir='ltr'>hec</span> <span class='ocrx_word' id='word_1_128' title='bbox 500 822 631 850; x_wconf 88' lang='lat' dir='ltr'>tempora</span> <span class='ocrx_word' id='word_1_129' title='bbox 650 811 725 843; x_wconf 66' lang='lat' dir='ltr'>faeta</span> <span class='ocrx_word' id='word_1_130' title='bbox 741 812 801 842; x_wconf 86' lang='lat' dir='ltr'>sive</span> <span class='ocrx_word' id='word_1_131' title='bbox 821 810 970 855; x_wconf 72' lang='lat' dir='ltr'>concessa,</span> <span class='ocrx_word' id='word_1_132' title='bbox 988 818 1074 848; x_wconf 90' lang='lat' dir='ltr'>prout</span> <span class='ocrx_word' id='word_1_133' title='bbox 1089 811 1130 840; x_wconf 81' lang='lat' dir='ltr'>ei-</span> 
     </span>
     <span class='ocr_line' id='line_1_18' title="bbox 57 848 1129 888; baseline -0.008 0"><span class='ocrx_word' id='word_1_134' title='bbox 57 857 127 888; x_wconf 86' lang='lat' dir='ltr'>dem</span> <span class='ocrx_word' id='word_1_135' title='bbox 145 857 356 886; x_wconf 67' lang='lat' dir='ltr'>Locumtenenti·</span> <span class='ocrx_word' id='word_1_136' title='bbox 374 852 479 884; x_wconf 92' lang='lat' dir='ltr'>nostro</span> <span class='ocrx_word' id='word_1_137' title='bbox 499 850 634 882; x_wconf 86' lang='lat' dir='ltr'>Generali</span> <span class='ocrx_word' id='word_1_138' title='bbox 652 851 685 882; x_wconf 90' lang='lat'>&amp;</span> <span class='ocrx_word' id='word_1_139' title='bbox 704 849 903 881; x_wconf 87' lang='lat' dir='ltr'>Gubernatori</span> <span class='ocrx_word' id='word_1_140' title='bbox 920 848 1020 879; x_wconf 88' lang='lat' dir='ltr'>nostro</span> <span class='ocrx_word' id='word_1_141' title='bbox 1029 848 1129 879; x_wconf 88' lang='lat' dir='ltr'>Gene-</span> 
     </span>
     <span class='ocr_line' id='line_1_19' title="bbox 54 886 1131 933; baseline -0.009 -7"><span class='ocrx_word' id='word_1_142' title='bbox 54 895 125 933; x_wconf 88' lang='lat' dir='ltr'>rali,</span> <span class='ocrx_word' id='word_1_143' title='bbox 149 904 197 933; x_wconf 88' lang='lat' dir='ltr'>per</span> <span class='ocrx_word' id='word_1_144' title='bbox 214 893 421 925; x_wconf 88' lang='lat' dir='ltr'>avisamentum</span> <span class='ocrx_word' id='word_1_145' title='bbox 440 893 474 923; x_wconf 90' lang='lat'>&amp;</span> <span class='ocrx_word' id='word_1_146' title='bbox 493 889 662 921; x_wconf 81' lang='lat' dir='ltr'>consensum</span> <span class='ocrx_word' id='word_1_147' title='bbox 688 888 810 919; x_wconf 74' lang='lat' dir='ltr'>Consilii</span> <span class='ocrx_word' id='word_1_148' title='bbox 837 887 946 927; x_wconf 87' lang='lat' dir='ltr'>nostri,</span> <span class='ocrx_word' id='word_1_149' title='bbox 972 889 1002 917; x_wconf 94' lang='lat' dir='ltr'>in</span> <span class='ocrx_word' id='word_1_150' title='bbox 1023 886 1131 925; x_wconf 87' lang='lat' dir='ltr'>Regno</span> 
     </span>
     <span class='ocr_line' id='line_1_20' title="bbox 56 926 1130 1001; baseline -0.008 -36"><span class='ocrx_word' id='word_1_151' title='bbox 56 933 159 966; x_wconf 88' lang='lat' dir='ltr'>nostro</span> <span class='ocrx_word' id='word_1_152' title='bbox 177 932 310 1001; x_wconf 59' lang='grc' dir='ltr'>Ρκὲὶίᾶο</span> <span class='ocrx_word' id='word_1_153' title='bbox 330 931 430 963; x_wconf 84' lang='lat' dir='ltr'>melius</span> <span class='ocrx_word' id='word_1_154' title='bbox 444 929 579 969; x_wconf 84' lang='lat' dir='ltr'>expedire</span> <span class='ocrx_word' id='word_1_155' title='bbox 597 928 757 967; x_wconf 84' lang='lat' dir='ltr'>videbitur,</span> <span class='ocrx_word' id='word_1_156' title='bbox 775 926 949 965; x_wconf 83' lang='lat' dir='ltr'>ratificandi,</span> <span class='ocrx_word' id='word_1_157' title='bbox 965 926 1130 966; x_wconf 88' lang='lat' dir='ltr'>approban-</span> 
     </span>
     <span class='ocr_line' id='line_1_21' title="bbox 58 971 364 1004; baseline -0.01 0"><span class='ocrx_word' id='word_1_158' title='bbox 58 973 87 1004; x_wconf 82' lang='lat' dir='ltr'>d&#39;</span> <span class='ocrx_word' id='word_1_159' title='bbox 108 974 142 1004; x_wconf 85' lang='lat'>&amp;</span> <span class='ocrx_word' id='word_1_160' title='bbox 161 982 220 1003; x_wconf 90' lang='lat' dir='ltr'>con</span> <span class='ocrx_word' id='word_1_161' title='bbox 243 971 364 1002; x_wconf 80' lang='lat' dir='ltr'>rmandi.</span> 
     </span>
     <span class='ocr_line' id='line_1_22' title="bbox 79 984 1128 1048; baseline -0.01 -6"><span class='ocrx_word' id='word_1_162' title='bbox 79 984 300 1042; x_wconf 79' lang='lat' dir='ltr'>¹Conceffimus</span> <span class='ocrx_word' id='word_1_163' title='bbox 315 1009 426 1047; x_wconf 86' lang='lat' dir='ltr'>insuper</span> <span class='ocrx_word' id='word_1_164' title='bbox 441 1007 537 1038; x_wconf 86' lang='lat' dir='ltr'>eidem</span> <span class='ocrx_word' id='word_1_165' title='bbox 551 1005 650 1036; x_wconf 86' lang='lat' dir='ltr'>Thome</span> <span class='ocrx_word' id='word_1_166' title='bbox 658 1008 759 1036; x_wconf 81' lang='lat' dir='ltr'>comiti</span> <span class='ocrx_word' id='word_1_167' title='bbox 772 1005 803 1035; x_wconf 77' lang='lat' dir='ltr'>de</span> <span class='ocrx_word' id='word_1_168' title='bbox 817 1003 977 1043; x_wconf 76' lang='lat' dir='ltr'>Strafflrd,</span> <span class='ocrx_word' id='word_1_169' title='bbox 995 1003 1128 1048; x_wconf 82' lang='lat' dir='ltr'>Locum-</span> 
     </span>
     <span class='ocr_line' id='line_1_23' title="bbox 54 1042 1132 1086; baseline -0.008 -5"><span class='ocrx_word' id='word_1_170' title='bbox 54 1050 166 1082; x_wconf 88' lang='lat' dir='ltr'>tenenti</span> <span class='ocrx_word' id='word_1_171' title='bbox 188 1048 288 1080; x_wconf 88' lang='lat' dir='ltr'>nostro</span> <span class='ocrx_word' id='word_1_172' title='bbox 310 1047 463 1084; x_wconf 86' lang='lat' dir='ltr'>Generali,</span> <span class='ocrx_word' id='word_1_173' title='bbox 481 1045 654 1086; x_wconf 88' lang='lat' dir='ltr'>potestatem</span> <span class='ocrx_word' id='word_1_174' title='bbox 675 1044 709 1074; x_wconf 90' lang='lat' dir='ltr'>ad</span> <span class='ocrx_word' id='word_1_175' title='bbox 730 1044 925 1081; x_wconf 63' lang='lat' dir='ltr'>fidelitatem,</span> <span class='ocrx_word' id='word_1_176' title='bbox 952 1042 1132 1074; x_wconf 86' lang='lat' dir='ltr'>Provisiones</span> 
     </span>
     <span class='ocr_line' id='line_1_24' title="bbox 55 1080 1131 1124; baseline -0.009 -3"><span class='ocrx_word' id='word_1_177' title='bbox 55 1091 91 1121; x_wconf 89' lang='lat'>&amp;</span> <span class='ocrx_word' id='word_1_178' title='bbox 107 1088 353 1120; x_wconf 86' lang='lat' dir='ltr'>Renunciationes</span> <span class='ocrx_word' id='word_1_179' title='bbox 370 1085 668 1123; x_wconf 85' lang='lat' dir='ltr'>Archiepiscoporum</span> <span class='ocrx_word' id='word_1_180' title='bbox 683 1085 716 1115; x_wconf 85' lang='lat'>&amp;</span> <span class='ocrx_word' id='word_1_181' title='bbox 732 1080 965 1121; x_wconf 89' lang='lat' dir='ltr'>Episcoporum,</span> <span class='ocrx_word' id='word_1_182' title='bbox 983 1082 1013 1112; x_wconf 91' lang='lat' dir='ltr'>in</span> <span class='ocrx_word' id='word_1_183' title='bbox 1025 1081 1131 1124; x_wconf 81' lang='lat' dir='ltr'>eodem</span> 
     </span>
     <span class='ocr_line' id='line_1_25' title="bbox 55 1119 1131 1167; baseline -0.01 -7"><span class='ocrx_word' id='word_1_184' title='bbox 55 1128 167 1167; x_wconf 82' lang='lat' dir='ltr'>Regno</span> <span class='ocrx_word' id='word_1_185' title='bbox 187 1126 287 1158; x_wconf 88' lang='lat' dir='ltr'>nostro</span> <span class='ocrx_word' id='word_1_186' title='bbox 303 1125 436 1155; x_wconf 79' lang='lat' dir='ltr'>Hibernie</span> <span class='ocrx_word' id='word_1_187' title='bbox 449 1133 582 1162; x_wconf 88' lang='lat' dir='ltr'>ternpore</span> <span class='ocrx_word' id='word_1_188' title='bbox 600 1123 735 1160; x_wconf 89' lang='lat' dir='ltr'>preterito</span> <span class='ocrx_word' id='word_1_189' title='bbox 745 1122 803 1152; x_wconf 87' lang='lat' dir='ltr'>five</span> <span class='ocrx_word' id='word_1_190' title='bbox 816 1121 914 1152; x_wconf 84' lang='lat' dir='ltr'>futuro</span> <span class='ocrx_word' id='word_1_191' title='bbox 928 1120 1035 1158; x_wconf 66' lang='lat' dir='ltr'>factas,</span> <span class='ocrx_word' id='word_1_192' title='bbox 1052 1119 1131 1150; x_wconf 88' lang='lat' dir='ltr'>ordi-</span> 
     </span>
     <span class='ocr_line' id='line_1_26' title="bbox 57 1159 1138 1202; baseline -0.009 -3"><span class='ocrx_word' id='word_1_193' title='bbox 57 1176 133 1200; x_wconf 87' lang='lat' dir='ltr'>natas</span> <span class='ocrx_word' id='word_1_194' title='bbox 148 1166 182 1197; x_wconf 87' lang='lat'>&amp;</span> <span class='ocrx_word' id='word_1_195' title='bbox 196 1164 359 1199; x_wconf 88' lang='lat' dir='ltr'>consuetas,</span> <span class='ocrx_word' id='word_1_196' title='bbox 374 1163 541 1201; x_wconf 87' lang='lat' dir='ltr'>acceptandi</span> <span class='ocrx_word' id='word_1_197' title='bbox 551 1185 560 1200; x_wconf 91' lang='lat'>,</span> <span class='ocrx_word' id='word_1_198' title='bbox 578 1160 719 1199; x_wconf 84' lang='lat' dir='ltr'>faciendi,</span> <span class='ocrx_word' id='word_1_199' title='bbox 740 1159 893 1192; x_wconf 89' lang='lat' dir='ltr'>ordinandi</span> <span class='ocrx_word' id='word_1_200' title='bbox 907 1159 941 1190; x_wconf 92' lang='lat'>&amp;</span> <span class='ocrx_word' id='word_1_201' title='bbox 957 1159 1138 1202; x_wconf 85' lang='lat' dir='ltr'>constituen-</span> 
     </span>
     <span class='ocr_line' id='line_1_27' title="bbox 58 1196 1138 1244; baseline -0.009 -8"><span class='ocrx_word' id='word_1_202' title='bbox 58 1207 104 1244; x_wconf 90' lang='lat' dir='ltr'>di,</span> <span class='ocrx_word' id='word_1_203' title='bbox 123 1215 158 1237; x_wconf 91' lang='lat' dir='ltr'>ac</span> <span class='ocrx_word' id='word_1_204' title='bbox 174 1205 274 1234; x_wconf 83' lang='lat' dir='ltr'>omnia</span> <span class='ocrx_word' id='word_1_205' title='bbox 291 1203 344 1234; x_wconf 86' lang='lat' dir='ltr'>alia</span> <span class='ocrx_word' id='word_1_206' title='bbox 358 1203 395 1233; x_wconf 85' lang='lat' dir='ltr'>ad</span> <span class='ocrx_word' id='word_1_207' title='bbox 410 1212 465 1233; x_wconf 89' lang='lat' dir='ltr'>nos</span> <span class='ocrx_word' id='word_1_208' title='bbox 480 1202 596 1238; x_wconf 88' lang='lat' dir='ltr'>debita,</span> <span class='ocrx_word' id='word_1_209' title='bbox 620 1200 740 1230; x_wconf 89' lang='lat' dir='ltr'>nomine</span> <span class='ocrx_word' id='word_1_210' title='bbox 764 1198 863 1230; x_wconf 87' lang='lat' dir='ltr'>nostro</span> <span class='ocrx_word' id='word_1_211' title='bbox 886 1198 1065 1236; x_wconf 90' lang='lat' dir='ltr'>recipiendi,</span> <span class='ocrx_word' id='word_1_212' title='bbox 1084 1196 1138 1227; x_wconf 83' lang='lat' dir='ltr'>eis-</span> 
     </span>
     <span class='ocr_line' id='line_1_28' title="bbox 57 1236 1134 1282; baseline -0.01 -6"><span class='ocrx_word' id='word_1_213' title='bbox 57 1244 129 1276; x_wconf 90' lang='lat' dir='ltr'>dem</span> <span class='ocrx_word' id='word_1_214' title='bbox 145 1241 394 1282; x_wconf 84' lang='lat' dir='ltr'>Archiepiscopis‚</span> <span class='ocrx_word' id='word_1_215' title='bbox 413 1240 559 1279; x_wconf 86' lang='lat' dir='ltr'>Episcopis</span> <span class='ocrx_word' id='word_1_216' title='bbox 573 1240 607 1270; x_wconf 90' lang='lat'>&amp;</span> <span class='ocrx_word' id='word_1_217' title='bbox 622 1248 725 1269; x_wconf 86' lang='lat' dir='ltr'>eorum</span> <span class='ocrx_word' id='word_1_218' title='bbox 742 1238 871 1282; x_wconf 34' lang='lat' dir='ltr'>cuilibet,</span> <span class='ocrx_word' id='word_1_219' title='bbox 885 1236 1071 1280; x_wconf 84' lang='lat' dir='ltr'>Temporalia</span> <span class='ocrx_word' id='word_1_220' title='bbox 1087 1236 1134 1266; x_wconf 87' lang='lat' dir='ltr'>sua</span> 
     </span>
     <span class='ocr_line' id='line_1_29' title="bbox 58 1275 1133 1318; baseline -0.011 -3"><span class='ocrx_word' id='word_1_221' title='bbox 58 1283 244 1315; x_wconf 89' lang='lat' dir='ltr'>Cancellario</span> <span class='ocrx_word' id='word_1_222' title='bbox 260 1281 358 1312; x_wconf 87' lang='lat' dir='ltr'>nostro</span> <span class='ocrx_word' id='word_1_223' title='bbox 373 1280 471 1318; x_wconf 86' lang='lat' dir='ltr'>Regni</span> <span class='ocrx_word' id='word_1_224' title='bbox 485 1278 578 1309; x_wconf 88' lang='lat' dir='ltr'>nostri</span> <span class='ocrx_word' id='word_1_225' title='bbox 594 1277 714 1316; x_wconf 62' lang='lat' dir='ltr'>predi&amp;</span> <span class='ocrx_word' id='word_1_226' title='bbox 723 1276 872 1307; x_wconf 83' lang='lat' dir='ltr'>deliberari</span> <span class='ocrx_word' id='word_1_227' title='bbox 889 1275 1133 1313; x_wconf 81' lang='lat' dir='ltr'>mandandi,cum</span> 
     </span>
     <span class='ocr_line' id='line_1_30' title="bbox 57 1311 1132 1358; baseline -0.011 -4"><span class='ocrx_word' id='word_1_228' title='bbox 57 1323 198 1353; x_wconf 85' lang='lat' dir='ltr'>omnibus</span> <span class='ocrx_word' id='word_1_229' title='bbox 219 1321 253 1352; x_wconf 89' lang='lat'>&amp;</span> <span class='ocrx_word' id='word_1_230' title='bbox 276 1319 390 1356; x_wconf 84' lang='lat' dir='ltr'>singulis</span> <span class='ocrx_word' id='word_1_231' title='bbox 410 1318 545 1357; x_wconf 78' lang='lat' dir='ltr'>juribus,</span> <span class='ocrx_word' id='word_1_232' title='bbox 563 1320 577 1333; x_wconf 64' lang='lat'><strong>⁴</strong></span> <span class='ocrx_word' id='word_1_233' title='bbox 597 1315 827 1353; x_wconf 80' lang='lat' dir='ltr'>Emolumentis,</span> <span class='ocrx_word' id='word_1_234' title='bbox 848 1313 990 1358; x_wconf 72' lang='lat' dir='ltr'>Proficuis</span> <span class='ocrx_word' id='word_1_235' title='bbox 1014 1314 1047 1344; x_wconf 68' lang='grc' dir='ltr'>ὅ(</span> <span class='ocrx_word' id='word_1_236' title='bbox 1070 1311 1132 1357; x_wconf 82' lang='lat' dir='ltr'>Re-</span> 
     </span>
     <span class='ocr_line' id='line_1_31' title="bbox 58 1351 1134 1397; baseline -0.009 -4"><span class='ocrx_word' id='word_1_237' title='bbox 58 1361 260 1397; x_wconf 80' lang='lat' dir='ltr'>ventionibus,</span> <span class='ocrx_word' id='word_1_238' title='bbox 276 1359 387 1390; x_wconf 88' lang='lat' dir='ltr'>ratione</span> <span class='ocrx_word' id='word_1_239' title='bbox 402 1357 565 1389; x_wconf 89' lang='lat' dir='ltr'>Vacationis</span> <span class='ocrx_word' id='word_1_240' title='bbox 578 1354 727 1386; x_wconf 69' lang='lat' dir='ltr'>dictorum</span> <span class='ocrx_word' id='word_1_241' title='bbox 749 1352 980 1397; x_wconf 82' lang='lat' dir='ltr'>Beneficiorum,</span> <span class='ocrx_word' id='word_1_242' title='bbox 999 1351 1134 1396; x_wconf 72' lang='lat' dir='ltr'>Dignita-</span> 
     </span>
     <span class='ocr_line' id='line_1_32' title="bbox 56 1391 1136 1438; baseline -0.01 -6"><span class='ocrx_word' id='word_1_243' title='bbox 56 1409 139 1438; x_wconf 86' lang='lat' dir='ltr'>tum,</span> <span class='ocrx_word' id='word_1_244' title='bbox 157 1398 462 1436; x_wconf 88' lang='lat' dir='ltr'>Archiepiscopatuum</span> <span class='ocrx_word' id='word_1_245' title='bbox 479 1395 535 1426; x_wconf 82' lang='lat' dir='ltr'>sive</span> <span class='ocrx_word' id='word_1_246' title='bbox 549 1393 773 1432; x_wconf 85' lang='lat' dir='ltr'>Episcopatuum</span> <span class='ocrx_word' id='word_1_247' title='bbox 792 1391 1056 1436; x_wconf 41' lang='lat' dir='ltr'>Nobis-reservatis</span> <span class='ocrx_word' id='word_1_248' title='bbox 1068 1413 1078 1429; x_wconf 92' lang='lat'>‚</span> <span class='ocrx_word' id='word_1_249' title='bbox 1101 1400 1136 1421; x_wconf 89' lang='lat' dir='ltr'>ac</span> 
     </span>
     <span class='ocr_line' id='line_1_33' title="bbox 58 1430 1135 1477; baseline -0.01 -7"><span class='ocrx_word' id='word_1_250' title='bbox 58 1441 148 1471; x_wconf 88' lang='lat' dir='ltr'>etiam</span> <span class='ocrx_word' id='word_1_251' title='bbox 161 1438 343 1477; x_wconf 86' lang='lat' dir='ltr'>Homagium</span> <span class='ocrx_word' id='word_1_252' title='bbox 359 1435 494 1467; x_wconf 92' lang='lat' dir='ltr'>omnium</span> <span class='ocrx_word' id='word_1_253' title='bbox 507 1435 542 1466; x_wconf 90' lang='lat'>&amp;</span> <span class='ocrx_word' id='word_1_254' title='bbox 566 1433 745 1470; x_wconf 83' lang='lat' dir='ltr'>singulorum</span> <span class='ocrx_word' id='word_1_255' title='bbox 759 1440 820 1462; x_wconf 87' lang='lat' dir='ltr'>tam</span> <span class='ocrx_word' id='word_1_256' title='bbox 832 1430 1029 1471; x_wconf 82' lang='lat' dir='ltr'>spiritualium</span> <span class='ocrx_word' id='word_1_257' title='bbox 1046 1439 1135 1468; x_wconf 88' lang='lat' dir='ltr'>quam</span> 
     </span>
     <span class='ocr_line' id='line_1_34' title="bbox 60 1469 1137 1516; baseline -0.011 -6"><span class='ocrx_word' id='word_1_258' title='bbox 60 1477 282 1516; x_wconf 87' lang='lat' dir='ltr'>Temporalium</span> <span class='ocrx_word' id='word_1_259' title='bbox 297 1476 461 1507; x_wconf 88' lang='lat' dir='ltr'>tenentium</span> <span class='ocrx_word' id='word_1_260' title='bbox 477 1475 511 1506; x_wconf 90' lang='lat'>&amp;</span> <span class='ocrx_word' id='word_1_261' title='bbox 533 1471 722 1503; x_wconf 84' lang='lat' dir='ltr'>Subditorum</span> <span class='ocrx_word' id='word_1_262' title='bbox 745 1469 916 1513; x_wconf 80' lang='lat' dir='ltr'>nostrorum</span> <span class='ocrx_word' id='word_1_263' title='bbox 938 1478 1137 1513; x_wconf 76' lang='lat' dir='ltr'>quorumcun-</span> 
     </span>
     <span class='ocr_line' id='line_1_35' title="bbox 59 1507 1134 1557; baseline -0.009 -9"><span class='ocrx_word' id='word_1_264' title='bbox 59 1527 134 1557; x_wconf 90' lang='lat' dir='ltr'>que,</span> <span class='ocrx_word' id='word_1_265' title='bbox 151 1518 180 1547; x_wconf 84' lang='lat' dir='ltr'>in</span> <span class='ocrx_word' id='word_1_266' title='bbox 194 1515 304 1555; x_wconf 85' lang='lat' dir='ltr'>Regno</span> <span class='ocrx_word' id='word_1_267' title='bbox 320 1513 420 1545; x_wconf 91' lang='lat' dir='ltr'>nostro</span> <span class='ocrx_word' id='word_1_268' title='bbox 438 1511 711 1552; x_wconf 62' lang='lat' dir='ltr'>predie’tomomine</span> <span class='ocrx_word' id='word_1_269' title='bbox 728 1508 830 1540; x_wconf 88' lang='lat' dir='ltr'>nostro</span> <span class='ocrx_word' id='word_1_270' title='bbox 844 1508 1002 1546; x_wconf 87' lang='lat' dir='ltr'>recipiendi</span> <span class='ocrx_word' id='word_1_271' title='bbox 1016 1507 1134 1551; x_wconf 79' lang='lat' dir='ltr'>&amp;Ter-</span> 
     </span>
     <span class='ocr_line' id='line_1_36' title="bbox 60 1545 1136 1590; baseline -0.012 -2"><span class='ocrx_word' id='word_1_272' title='bbox 60 1567 104 1588; x_wconf 83' lang='lat' dir='ltr'>ras</span> <span class='ocrx_word' id='word_1_273' title='bbox 117 1557 151 1588; x_wconf 91' lang='lat'>&amp;</span> <span class='ocrx_word' id='word_1_274' title='bbox 165 1555 351 1586; x_wconf 88' lang='lat' dir='ltr'>Tenementa</span> <span class='ocrx_word' id='word_1_275' title='bbox 364 1552 410 1584; x_wconf 91' lang='lat' dir='ltr'>sua</span> <span class='ocrx_word' id='word_1_276' title='bbox 424 1552 461 1582; x_wconf 89' lang='lat' dir='ltr'>de</span> <span class='ocrx_word' id='word_1_277' title='bbox 475 1550 642 1581; x_wconf 88' lang='lat' dir='ltr'>Hereditate</span> <span class='ocrx_word' id='word_1_278' title='bbox 658 1549 703 1580; x_wconf 86' lang='lat' dir='ltr'>sua</span> <span class='ocrx_word' id='word_1_279' title='bbox 712 1571 721 1586; x_wconf 87' lang='lat'>,</span> <span class='ocrx_word' id='word_1_280' title='bbox 741 1547 922 1578; x_wconf 87' lang='lat' dir='ltr'>Cancellario</span> <span class='ocrx_word' id='word_1_281' title='bbox 944 1546 1053 1590; x_wconf 38' lang='lat' dir='ltr'>nostro·</span> <span class='ocrx_word' id='word_1_282' title='bbox 1063 1545 1136 1576; x_wconf 82' lang='lat' dir='ltr'>deli-</span> 
     </span>
     <span class='ocr_line' id='line_1_37' title="bbox 62 1584 1135 1631; baseline -0.01 -5"><span class='ocrx_word' id='word_1_283' title='bbox 62 1595 152 1627; x_wconf 88' lang='lat' dir='ltr'>berari</span> <span class='ocrx_word' id='word_1_284' title='bbox 166 1592 341 1631; x_wconf 85' lang='lat' dir='ltr'>mandandi,</span> <span class='ocrx_word' id='word_1_285' title='bbox 362 1589 515 1628; x_wconf 89' lang='lat' dir='ltr'>manusque</span> <span class='ocrx_word' id='word_1_286' title='bbox 532 1587 641 1619; x_wconf 90' lang='lat' dir='ltr'>nostras</span> <span class='ocrx_word' id='word_1_287' title='bbox 664 1587 765 1618; x_wconf 80' lang='lat' dir='ltr'>exinde</span> <span class='ocrx_word' id='word_1_288' title='bbox 779 1585 954 1630; x_wconf 79' lang='lat' dir='ltr'>amovendi,</span> <span class='ocrx_word' id='word_1_289' title='bbox 974 1595 1008 1617; x_wconf 86' lang='lat' dir='ltr'>ac</span> <span class='ocrx_word' id='word_1_290' title='bbox 1025 1584 1135 1629; x_wconf 63' lang='lat' dir='ltr'>victua·</span> 
     </span>
     <span class='ocr_line' id='line_1_38' title="bbox 61 1624 1134 1669; baseline -0.013 -3"><span class='ocrx_word' id='word_1_291' title='bbox 61 1634 97 1666; x_wconf 89' lang='lat' dir='ltr'>lia</span> <span class='ocrx_word' id='word_1_292' title='bbox 112 1632 280 1665; x_wconf 89' lang='lat' dir='ltr'>sufficientia</span> <span class='ocrx_word' id='word_1_293' title='bbox 294 1632 328 1663; x_wconf 86' lang='lat'>&amp;</span> <span class='ocrx_word' id='word_1_294' title='bbox 341 1629 493 1661; x_wconf 64' lang='lat' dir='ltr'>necessaria</span> <span class='ocrx_word' id='word_1_295' title='bbox 510 1637 563 1666; x_wconf 91' lang='lat' dir='ltr'>pro</span> <span class='ocrx_word' id='word_1_296' title='bbox 578 1626 712 1665; x_wconf 86' lang='lat' dir='ltr'>Expensis</span> <span class='ocrx_word' id='word_1_297' title='bbox 733 1625 857 1664; x_wconf 82' lang='lat' dir='ltr'>Hospitii</span> <span class='ocrx_word' id='word_1_298' title='bbox 874 1626 914 1656; x_wconf 92' lang='lat' dir='ltr'>sui</span> <span class='ocrx_word' id='word_1_299' title='bbox 935 1625 968 1656; x_wconf 91' lang='lat'>&amp;</span> <span class='ocrx_word' id='word_1_300' title='bbox 991 1624 1134 1669; x_wconf 84' lang='lat' dir='ltr'>Soldario-</span> 
     </span>
     <span class='ocr_line' id='line_1_39' title="bbox 61 1662 1136 1708; baseline -0.012 -3"><span class='ocrx_word' id='word_1_301' title='bbox 61 1683 129 1705; x_wconf 81' lang='lat' dir='ltr'>rum</span> <span class='ocrx_word' id='word_1_302' title='bbox 141 1673 256 1703; x_wconf 89' lang='lat' dir='ltr'>suorum</span> <span class='ocrx_word' id='word_1_303' title='bbox 272 1671 304 1701; x_wconf 90' lang='lat' dir='ltr'>in</span> <span class='ocrx_word' id='word_1_304' title='bbox 320 1678 492 1708; x_wconf 87' lang='lat' dir='ltr'>quocunque</span> <span class='ocrx_word' id='word_1_305' title='bbox 506 1668 593 1704; x_wconf 87' lang='lat' dir='ltr'>loco,</span> <span class='ocrx_word' id='word_1_306' title='bbox 612 1665 684 1696; x_wconf 85' lang='lat' dir='ltr'>infra</span> <span class='ocrx_word' id='word_1_307' title='bbox 706 1664 820 1697; x_wconf 62' lang='lat' dir='ltr'>dietum</span> <span class='ocrx_word' id='word_1_308' title='bbox 842 1663 981 1703; x_wconf 86' lang='lat' dir='ltr'>Regnum</span> <span class='ocrx_word' id='word_1_309' title='bbox 1002 1662 1136 1693; x_wconf 79' lang='lat' dir='ltr'>Hibernte</span> 
     </span>
     <span class='ocr_line' id='line_1_40' title="bbox 61 1700 1136 1752; baseline -0.012 -8"><span class='ocrx_word' id='word_1_310' title='bbox 61 1722 113 1752; x_wconf 82' lang='lat' dir='ltr'>per</span> <span class='ocrx_word' id='word_1_311' title='bbox 127 1710 293 1743; x_wconf 81' lang='lat' dir='ltr'>Provisores</span> <span class='ocrx_word' id='word_1_312' title='bbox 304 1707 433 1747; x_wconf 83' lang='lat' dir='ltr'>Hospitii</span> <span class='ocrx_word' id='word_1_313' title='bbox 447 1707 485 1737; x_wconf 92' lang='lat' dir='ltr'>sui</span> <span class='ocrx_word' id='word_1_314' title='bbox 501 1707 535 1737; x_wconf 87' lang='lat'>&amp;</span> <span class='ocrx_word' id='word_1_315' title='bbox 550 1705 621 1735; x_wconf 88' lang='lat' dir='ltr'>alios</span> <span class='ocrx_word' id='word_1_316' title='bbox 635 1703 790 1734; x_wconf 89' lang='lat' dir='ltr'>Ministros</span> <span class='ocrx_word' id='word_1_317' title='bbox 813 1702 894 1741; x_wconf 89' lang='lat' dir='ltr'>suos,</span> <span class='ocrx_word' id='word_1_318' title='bbox 913 1711 1040 1734; x_wconf 88' lang='lat' dir='ltr'>unacum</span> <span class='ocrx_word' id='word_1_319' title='bbox 1062 1700 1136 1731; x_wconf 88' lang='lat' dir='ltr'>Car·</span> 
     </span>
     <span class='ocr_line' id='line_1_41' title="bbox 62 1741 1136 1789; baseline -0.012 -7"><span class='ocrx_word' id='word_1_320' title='bbox 62 1751 159 1789; x_wconf 85' lang='lat' dir='ltr'>riagiis</span> <span class='ocrx_word' id='word_1_321' title='bbox 173 1748 378 1780; x_wconf 87' lang='lat' dir='ltr'>sufficientibus</span> <span class='ocrx_word' id='word_1_322' title='bbox 391 1755 444 1786; x_wconf 91' lang='lat' dir='ltr'>pro</span> <span class='ocrx_word' id='word_1_323' title='bbox 458 1744 581 1782; x_wconf 89' lang='lat' dir='ltr'>eisdem,</span> <span class='ocrx_word' id='word_1_324' title='bbox 600 1752 658 1774; x_wconf 88' lang='lat' dir='ltr'>tam</span> <span class='ocrx_word' id='word_1_325' title='bbox 674 1743 747 1774; x_wconf 88' lang='lat' dir='ltr'>infra</span> <span class='ocrx_word' id='word_1_326' title='bbox 768 1741 924 1785; x_wconf 79' lang='lat' dir='ltr'>Libertates</span> <span class='ocrx_word' id='word_1_327' title='bbox 939 1750 1026 1779; x_wconf 88' lang='lat' dir='ltr'>quam</span> <span class='ocrx_word' id='word_1_328' title='bbox 1039 1748 1136 1785; x_wconf 81' lang='lat' dir='ltr'>extra,</span> 
     </span>
     <span class='ocr_line' id='line_1_42' title="bbox 63 1779 1135 1828; baseline -0.01 -8"><span class='ocrx_word' id='word_1_329' title='bbox 63 1799 119 1828; x_wconf 89' lang='lat' dir='ltr'>pro</span> <span class='ocrx_word' id='word_1_330' title='bbox 131 1789 264 1820; x_wconf 88' lang='lat' dir='ltr'>Denariis</span> <span class='ocrx_word' id='word_1_331' title='bbox 280 1787 332 1817; x_wconf 90' lang='lat' dir='ltr'>suis</span> <span class='ocrx_word' id='word_1_332' title='bbox 347 1784 562 1816; x_wconf 85' lang='lat' dir='ltr'>rationabilibus</span> <span class='ocrx_word' id='word_1_333' title='bbox 576 1781 720 1813; x_wconf 87' lang='lat' dir='ltr'>solvendis</span> <span class='ocrx_word' id='word_1_334' title='bbox 754 1779 909 1811; x_wconf 83' lang='lat' dir='ltr'>rovrdendi</span> <span class='ocrx_word' id='word_1_335' title='bbox 928 1781 963 1812; x_wconf 90' lang='lat'>&amp;</span> <span class='ocrx_word' id='word_1_336' title='bbox 984 1779 1135 1818; x_wconf 79' lang='lat' dir='ltr'>capiendi,</span> 
     </span>
     <span class='ocr_line' id='line_1_43' title="bbox 60 1818 1136 1867; baseline -0.01 -8"><span class='ocrx_word' id='word_1_337' title='bbox 60 1830 140 1867; x_wconf 75' lang='lat' dir='ltr'>juxta</span> <span class='ocrx_word' id='word_1_338' title='bbox 154 1828 278 1857; x_wconf 83' lang='lat' dir='ltr'>formam</span> <span class='ocrx_word' id='word_1_339' title='bbox 294 1824 390 1855; x_wconf 85' lang='lat' dir='ltr'>statuti</span> <span class='ocrx_word' id='word_1_340' title='bbox 405 1824 442 1854; x_wconf 92' lang='lat' dir='ltr'>de</span> <span class='ocrx_word' id='word_1_341' title='bbox 455 1821 621 1860; x_wconf 87' lang='lat' dir='ltr'>hujusmodi</span> <span class='ocrx_word' id='word_1_342' title='bbox 636 1821 720 1860; x_wconf 92' lang='lat' dir='ltr'>provi</span> <span class='ocrx_word' id='word_1_343' title='bbox 733 1820 844 1850; x_wconf 88' lang='lat' dir='ltr'>ionibus</span> <span class='ocrx_word' id='word_1_344' title='bbox 861 1827 927 1850; x_wconf 90' lang='lat' dir='ltr'>ante</span> <span class='ocrx_word' id='word_1_345' title='bbox 947 1818 1007 1863; x_wconf 30' lang='lat' dir='ltr'>hec&#39;</span> <span class='ocrx_word' id='word_1_346' title='bbox 1021 1828 1136 1863; x_wconf 79' lang='lat' dir='ltr'>ternpo-</span> 
     </span>
     <span class='ocr_line' id='line_1_44' title="bbox 62 1856 1137 1905; baseline -0.009 -8"><span class='ocrx_word' id='word_1_347' title='bbox 62 1877 93 1898; x_wconf 69' lang='grc' dir='ltr'><em>η</em></span> <span class='ocrx_word' id='word_1_348' title='bbox 108 1865 253 1905; x_wconf 62' lang='lat' dir='ltr'>faetimifi</span> <span class='ocrx_word' id='word_1_349' title='bbox 267 1864 345 1894; x_wconf 88' lang='lat' dir='ltr'>aliter</span> <span class='ocrx_word' id='word_1_350' title='bbox 360 1873 410 1901; x_wconf 86' lang='lat' dir='ltr'>per</span> <span class='ocrx_word' id='word_1_351' title='bbox 425 1860 682 1900; x_wconf 89' lang='lat' dir='ltr'>Compositionem</span> <span class='ocrx_word' id='word_1_352' title='bbox 697 1859 805 1890; x_wconf 72' lang='lat' dir='ltr'>faetam</span> <span class='ocrx_word' id='word_1_353' title='bbox 821 1867 890 1888; x_wconf 89' lang='lat' dir='ltr'>cum</span> <span class='ocrx_word' id='word_1_354' title='bbox 906 1856 1137 1888; x_wconf 87' lang='lat' dir='ltr'>Inhabitantibus</span> 
     </span>
     <span class='ocr_line' id='line_1_45' title="bbox 63 1895 1137 1941; baseline -0.01 -5"><span class='ocrx_word' id='word_1_355' title='bbox 63 1904 288 1941; x_wconf 81' lang='lat' dir='ltr'>comitatuum,</span> <span class='ocrx_word' id='word_1_356' title='bbox 306 1902 379 1933; x_wconf 86' lang='lat' dir='ltr'>infra</span> <span class='ocrx_word' id='word_1_357' title='bbox 396 1909 487 1940; x_wconf 83' lang='lat' dir='ltr'>partes</span> <span class='ocrx_word' id='word_1_358' title='bbox 502 1899 652 1939; x_wconf 86' lang='lat' dir='ltr'>vulgariter</span> <span class='ocrx_word' id='word_1_359' title='bbox 667 1906 785 1930; x_wconf 89' lang='lat' dir='ltr'>vocatas</span> <span class='ocrx_word' id='word_1_360' title='bbox 800 1896 848 1941; x_wconf 63' lang='lat' dir='ltr'>the</span> <span class='ocrx_word' id='word_1_361' title='bbox 870 1895 983 1936; x_wconf 80' lang='lat' dir='ltr'>English</span> <span class='ocrx_word' id='word_1_362' title='bbox 1005 1895 1090 1934; x_wconf 81' lang='lat' dir='ltr'>Pale,</span> <span class='ocrx_word' id='word_1_363' title='bbox 1108 1906 1137 1925; x_wconf 89' lang='lat' dir='ltr'>a-</span> 
     </span>
     <span class='ocr_line' id='line_1_46' title="bbox 61 1935 1139 1983; baseline -0.01 -8"><span class='ocrx_word' id='word_1_364' title='bbox 61 1944 170 1983; x_wconf 88' lang='lat' dir='ltr'>liosque</span> <span class='ocrx_word' id='word_1_365' title='bbox 192 1942 359 1974; x_wconf 82' lang='lat' dir='ltr'>Comitatus</span> <span class='ocrx_word' id='word_1_366' title='bbox 379 1948 456 1970; x_wconf 83' lang='lat' dir='ltr'>extra</span> <span class='ocrx_word' id='word_1_367' title='bbox 476 1937 567 1969; x_wconf 77' lang='lat' dir='ltr'>die&#39;tas</span> <span class='ocrx_word' id='word_1_368' title='bbox 590 1946 699 1975; x_wconf 86' lang='lat' dir='ltr'>partes,</span> <span class='ocrx_word' id='word_1_369' title='bbox 726 1935 876 1976; x_wconf 89' lang='lat' dir='ltr'>prov1sum</span> <span class='ocrx_word' id='word_1_370' title='bbox 899 1935 930 1966; x_wconf 94' lang='lat' dir='ltr'>sit</span> <span class='ocrx_word' id='word_1_371' title='bbox 953 1943 1002 1966; x_wconf 87' lang='lat' dir='ltr'>aut</span> <span class='ocrx_word' id='word_1_372' title='bbox 1038 1935 1139 1965; x_wconf 81' lang='lat' dir='ltr'>osthac</span> 
     </span>
     <span class='ocr_line' id='line_1_47' title="bbox 60 1973 1140 2022; baseline -0.009 -9"><span class='ocrx_word' id='word_1_373' title='bbox 60 1982 262 2022; x_wconf 79' lang='lat' dir='ltr'>provideatur,</span> <span class='ocrx_word' id='word_1_374' title='bbox 278 1980 357 2020; x_wconf 93' lang='lat' dir='ltr'>quod</span> <span class='ocrx_word' id='word_1_375' title='bbox 373 1977 518 2020; x_wconf 69' lang='lat' dir='ltr'>predistus</span> <span class='ocrx_word' id='word_1_376' title='bbox 531 1979 729 2007; x_wconf 78' lang='lat' dir='ltr'>Locumtenens</span> <span class='ocrx_word' id='word_1_377' title='bbox 753 1974 839 2014; x_wconf 75' lang='lat' dir='ltr'>noller</span> <span class='ocrx_word' id='word_1_378' title='bbox 857 1973 1000 2004; x_wconf 78' lang='lat' dir='ltr'>Generalis</span> <span class='ocrx_word' id='word_1_379' title='bbox 1073 1973 1140 2004; x_wconf 91' lang='lat' dir='ltr'>Gu-</span> 
     </span>
     <span class='ocr_line' id='line_1_48' title="bbox 64 2011 1136 2058; baseline -0.011 -4"><span class='ocrx_word' id='word_1_380' title='bbox 64 2025 199 2053; x_wconf 87' lang='lat' dir='ltr'>bernator</span> <span class='ocrx_word' id='word_1_381' title='bbox 215 2020 310 2051; x_wconf 87' lang='lat' dir='ltr'>noster</span> <span class='ocrx_word' id='word_1_382' title='bbox 325 2017 490 2055; x_wconf 79' lang='lat' dir='ltr'>Generalis,</span> <span class='ocrx_word' id='word_1_383' title='bbox 508 2015 610 2047; x_wconf 89' lang='lat' dir='ltr'>habeat</span> <span class='ocrx_word' id='word_1_384' title='bbox 626 2015 670 2045; x_wconf 90' lang='lat' dir='ltr'>vel</span> <span class='ocrx_word' id='word_1_385' title='bbox 692 2013 797 2046; x_wconf 85' lang='lat' dir='ltr'>babere</span> <span class='ocrx_word' id='word_1_386' title='bbox 814 2012 902 2058; x_wconf 74' lang='lat' dir='ltr'>poffit</span> <span class='ocrx_word' id='word_1_387' title='bbox 923 2012 1067 2057; x_wconf 82' lang='lat' dir='ltr'>summam</span> <span class='ocrx_word' id='word_1_388' title='bbox 1081 2011 1136 2043; x_wconf 91' lang='lat' dir='ltr'>Pe·</span> 
     </span>
     <span class='ocr_line' id='line_1_49' title="bbox 62 2052 1137 2096; baseline -0.009 -4"><span class='ocrx_word' id='word_1_389' title='bbox 62 2062 148 2093; x_wconf 86' lang='lat' dir='ltr'>cunie</span> <span class='ocrx_word' id='word_1_390' title='bbox 168 2059 313 2091; x_wconf 83' lang='lat' dir='ltr'>annuatim</span> <span class='ocrx_word' id='word_1_391' title='bbox 336 2059 366 2088; x_wconf 92' lang='lat' dir='ltr'>in</span> <span class='ocrx_word' id='word_1_392' title='bbox 392 2056 470 2088; x_wconf 66' lang='lat' dir='ltr'>dieta</span> <span class='ocrx_word' id='word_1_393' title='bbox 492 2053 716 2093; x_wconf 88' lang='lat' dir='ltr'>Compositione</span> <span class='ocrx_word' id='word_1_394' title='bbox 737 2053 870 2096; x_wconf 40' lang='lat' dir='ltr'>antehac·</span> <span class='ocrx_word' id='word_1_395' title='bbox 883 2052 1033 2096; x_wconf 80' lang='lat' dir='ltr'>limitatam</span> <span class='ocrx_word' id='word_1_396' title='bbox 1047 2074 1058 2090; x_wconf 90' lang='lat'>,</span> <span class='ocrx_word' id='word_1_397' title='bbox 1082 2060 1137 2089; x_wconf 90' lang='lat' dir='ltr'>pro</span> 
     </span>
     <span class='ocr_line' id='line_1_50' title="bbox 61 2090 1137 2139; baseline -0.011 -8"><span class='ocrx_word' id='word_1_398' title='bbox 61 2099 304 2139; x_wconf 85' lang='lat' dir='ltr'>compensatione</span> <span class='ocrx_word' id='word_1_399' title='bbox 318 2098 352 2130; x_wconf 68' lang='grc' dir='ltr'>ὃ(</span> <span class='ocrx_word' id='word_1_400' title='bbox 367 2093 633 2132; x_wconf 86' lang='lat' dir='ltr'>recompensatione</span> <span class='ocrx_word' id='word_1_401' title='bbox 648 2102 702 2130; x_wconf 91' lang='lat' dir='ltr'>pro</span> <span class='ocrx_word' id='word_1_402' title='bbox 712 2091 873 2135; x_wconf 80' lang='lat' dir='ltr'>hujusmodi</span> <span class='ocrx_word' id='word_1_403' title='bbox 882 2090 1065 2135; x_wconf 67' lang='lat' dir='ltr'>ViCtualibus</span> <span class='ocrx_word' id='word_1_404' title='bbox 1091 2100 1137 2120; x_wconf 92' lang='lat' dir='ltr'>ro-</span> 
     </span>
     <span class='ocr_line' id='line_1_51' title="bbox 61 2129 1137 2175; baseline -0.01 -5"><span class='ocrx_word' id='word_1_405' title='bbox 61 2137 191 2170; x_wconf 77' lang='lat' dir='ltr'>videndis</span> <span class='ocrx_word' id='word_1_406' title='bbox 206 2138 240 2169; x_wconf 91' lang='lat'>&amp;</span> <span class='ocrx_word' id='word_1_407' title='bbox 254 2135 418 2175; x_wconf 80' lang='lat' dir='ltr'>capiendis,</span> <span class='ocrx_word' id='word_1_408' title='bbox 436 2143 487 2173; x_wconf 89' lang='lat' dir='ltr'>per</span> <span class='ocrx_word' id='word_1_409' title='bbox 503 2131 668 2164; x_wconf 85' lang='lat' dir='ltr'>Provisores</span> <span class='ocrx_word' id='word_1_410' title='bbox 682 2131 812 2170; x_wconf 86' lang='lat' dir='ltr'>Hospitii</span> <span class='ocrx_word' id='word_1_411' title='bbox 825 2129 882 2168; x_wconf 86' lang='lat' dir='ltr'>sui,</span> <span class='ocrx_word' id='word_1_412' title='bbox 915 2139 1003 2174; x_wconf 80' lang='lat' dir='ltr'>quam</span> <span class='ocrx_word' id='word_1_413' title='bbox 1019 2139 1065 2168; x_wconf 82' lang='lat' dir='ltr'>qui</span> <span class='ocrx_word' id='word_1_414' title='bbox 1083 2139 1137 2174; x_wconf 62' lang='lat' dir='ltr'>⁴etri</span> 
     </span>
     <span class='ocr_line' id='line_1_52' title="bbox 60 2168 1137 2214; baseline -0.011 -4"><span class='ocrx_word' id='word_1_415' title='bbox 60 2178 317 2214; x_wconf 86' lang='lat' dir='ltr'>Compositionem</span> <span class='ocrx_word' id='word_1_416' title='bbox 331 2173 476 2205; x_wconf 87' lang='lat' dir='ltr'>censemus</span> <span class='ocrx_word' id='word_1_417' title='bbox 494 2170 723 2209; x_wconf 85' lang='lat' dir='ltr'>observandam,</span> <span class='ocrx_word' id='word_1_418' title='bbox 752 2179 806 2208; x_wconf 90' lang='lat' dir='ltr'>pro</span> <span class='ocrx_word' id='word_1_419' title='bbox 829 2168 988 2212; x_wconf 78' lang='lat' dir='ltr'>beneficio¹</span> <span class='ocrx_word' id='word_1_420' title='bbox 1001 2168 1137 2212; x_wconf 79' lang='lat' dir='ltr'>Subdito-</span> 
     </span>
     <span class='ocr_line' id='line_1_53' title="bbox 62 2207 1138 2253; baseline -0.011 -4"><span class='ocrx_word' id='word_1_421' title='bbox 62 2227 130 2249; x_wconf 86' lang='lat' dir='ltr'>rum</span> <span class='ocrx_word' id='word_1_422' title='bbox 144 2217 330 2253; x_wconf 73' lang='lat' dir='ltr'>nostrorum,</span> <span class='ocrx_word' id='word_1_423' title='bbox 347 2212 477 2244; x_wconf 87' lang='lat' dir='ltr'>Necnon</span> <span class='ocrx_word' id='word_1_424' title='bbox 489 2210 524 2241; x_wconf 92' lang='lat' dir='ltr'>ad</span> <span class='ocrx_word' id='word_1_425' title='bbox 540 2208 786 2241; x_wconf 88' lang='lat' dir='ltr'>summonendum</span> <span class='ocrx_word' id='word_1_426' title='bbox 801 2208 1014 2240; x_wconf 88' lang='lat' dir='ltr'>&amp;summoniri</span> <span class='ocrx_word' id='word_1_427' title='bbox 1028 2207 1138 2251; x_wconf 74' lang='lat' dir='ltr'>facien-</span> 
     </span>
     <span class='ocr_line' id='line_1_54' title="bbox 60 2245 1138 2294; baseline -0.01 -7"><span class='ocrx_word' id='word_1_428' title='bbox 60 2256 134 2287; x_wconf 88' lang='lat' dir='ltr'>dum</span> <span class='ocrx_word' id='word_1_429' title='bbox 149 2264 234 2294; x_wconf 87' lang='lat' dir='ltr'>atque</span> <span class='ocrx_word' id='word_1_430' title='bbox 248 2252 406 2285; x_wconf 89' lang='lat' dir='ltr'>tenendum</span> <span class='ocrx_word' id='word_1_431' title='bbox 421 2248 579 2282; x_wconf 87' lang='lat' dir='ltr'>secundum</span> <span class='ocrx_word' id='word_1_432' title='bbox 596 2248 704 2287; x_wconf 83' lang='lat' dir='ltr'>Leges,</span> <span class='ocrx_word' id='word_1_433' title='bbox 720 2248 831 2279; x_wconf 87' lang='lat' dir='ltr'>Statuta</span> <span class='ocrx_word' id='word_1_434' title='bbox 853 2248 887 2279; x_wconf 76' lang='grc' dir='ltr'>δε</span> <span class='ocrx_word' id='word_1_435' title='bbox 911 2245 1138 2278; x_wconf 73' lang='lat' dir='ltr'>Consuetudines</span> 
     </span>
     <span class='ocr_line' id='line_1_55' title="bbox 58 2284 1138 2334; baseline -0.01 -8"><span class='ocrx_word' id='word_1_436' title='bbox 58 2294 159 2334; x_wconf 86' lang='lat' dir='ltr'>Regni</span> <span class='ocrx_word' id='word_1_437' title='bbox 179 2292 271 2324; x_wconf 86' lang='lat' dir='ltr'>nostri</span> <span class='ocrx_word' id='word_1_438' title='bbox 291 2291 425 2322; x_wconf 67' lang='lat' dir='ltr'>Hiber-nie</span> <span class='ocrx_word' id='word_1_439' title='bbox 445 2287 566 2326; x_wconf 75' lang='lat' dir='ltr'>predicti</span> <span class='ocrx_word' id='word_1_440' title='bbox 583 2309 594 2325; x_wconf 90' lang='lat'>,</span> <span class='ocrx_word' id='word_1_441' title='bbox 626 2296 717 2319; x_wconf 90' lang='lat' dir='ltr'>unum</span> <span class='ocrx_word' id='word_1_442' title='bbox 739 2286 874 2317; x_wconf 83' lang='lat' dir='ltr'>duntaxat</span> <span class='ocrx_word' id='word_1_443' title='bbox 895 2284 1138 2323; x_wconf 87' lang='lat' dir='ltr'>Parliamentum,</span> 
     </span>
     <span class='ocr_line' id='line_1_56' title="bbox 84 2324 1138 2371; baseline -0.011 -6"><span class='ocrx_word' id='word_1_444' title='bbox 84 2332 295 2371; x_wconf 88' lang='lat' dir='ltr'>uandocunque</span> <span class='ocrx_word' id='word_1_445' title='bbox 312 2329 362 2360; x_wconf 87' lang='lat' dir='ltr'>sibi</span> <span class='ocrx_word' id='word_1_446' title='bbox 380 2327 481 2359; x_wconf 89' lang='lat' dir='ltr'>melius</span> <span class='ocrx_word' id='word_1_447' title='bbox 492 2326 624 2364; x_wconf 89' lang='lat' dir='ltr'>expedire</span> <span class='ocrx_word' id='word_1_448' title='bbox 639 2326 804 2363; x_wconf 88' lang='lat' dir='ltr'>videbitur,</span> <span class='ocrx_word' id='word_1_449' title='bbox 822 2324 961 2356; x_wconf 87' lang='lat' dir='ltr'>consensu</span> <span class='ocrx_word' id='word_1_450' title='bbox 971 2333 1067 2355; x_wconf 87' lang='lat' dir='ltr'>tamen</span> <span class='ocrx_word' id='word_1_451' title='bbox 1082 2333 1138 2354; x_wconf 93' lang='lat' dir='ltr'>no-</span> 
     </span>
     <span class='ocr_line' id='line_1_57' title="bbox 61 2344 1138 2409; baseline -0.01 -4"><span class='ocrx_word' id='word_1_452' title='bbox 61 2344 124 2404; x_wconf 57' lang='lat' dir='ltr'>?tro</span> <span class='ocrx_word' id='word_1_453' title='bbox 138 2373 167 2403; x_wconf 85' lang='lat' dir='ltr'>in</span> <span class='ocrx_word' id='word_1_454' title='bbox 182 2381 214 2403; x_wconf 88' lang='lat' dir='ltr'>ea</span> <span class='ocrx_word' id='word_1_455' title='bbox 228 2378 305 2409; x_wconf 88' lang='lat' dir='ltr'>parte</span> <span class='ocrx_word' id='word_1_456' title='bbox 318 2368 427 2406; x_wconf 87' lang='lat' dir='ltr'>semper</span> <span class='ocrx_word' id='word_1_457' title='bbox 442 2366 560 2403; x_wconf 87' lang='lat' dir='ltr'>habito,</span> <span class='ocrx_word' id='word_1_458' title='bbox 578 2365 612 2396; x_wconf 71' lang='grc' dir='ltr'>ὃ(</span> <span class='ocrx_word' id='word_1_459' title='bbox 627 2364 663 2396; x_wconf 87' lang='lat' dir='ltr'>ad</span> <span class='ocrx_word' id='word_1_460' title='bbox 684 2364 764 2395; x_wconf 89' lang='lat' dir='ltr'>idem</span> <span class='ocrx_word' id='word_1_461' title='bbox 788 2363 1015 2406; x_wconf 81' lang='lat' dir='ltr'>Parliamentum</span> <span class='ocrx_word' id='word_1_462' title='bbox 1036 2373 1138 2408; x_wconf 72' lang='lat' dir='ltr'>proro-</span> 
     </span>
     <span class='ocr_line' id='line_1_58' title="bbox 81 2401 1142 2448; baseline -0.01 -6"><span class='ocrx_word' id='word_1_463' title='bbox 81 2411 190 2444; x_wconf 88' lang='lat' dir='ltr'>andum</span> <span class='ocrx_word' id='word_1_464' title='bbox 206 2411 241 2443; x_wconf 72' lang='grc' dir='ltr'>δε</span> <span class='ocrx_word' id='word_1_465' title='bbox 257 2406 466 2448; x_wconf 86' lang='lat' dir='ltr'>adjornandum</span> <span class='ocrx_word' id='word_1_466' title='bbox 485 2427 496 2443; x_wconf 87' lang='lat'>,</span> <span class='ocrx_word' id='word_1_467' title='bbox 533 2404 618 2435; x_wconf 89' lang='lat' dir='ltr'>toties</span> <span class='ocrx_word' id='word_1_468' title='bbox 636 2404 748 2441; x_wconf 89' lang='lat' dir='ltr'>quoties</span> <span class='ocrx_word' id='word_1_469' title='bbox 767 2401 879 2433; x_wconf 87' lang='lat' dir='ltr'>necesse</span> <span class='ocrx_word' id='word_1_470' title='bbox 897 2401 983 2433; x_wconf 88' lang='lat' dir='ltr'>fuerit</span> <span class='ocrx_word' id='word_1_471' title='bbox 1004 2424 1014 2439; x_wconf 92' lang='lat'>,</span> <span class='ocrx_word' id='word_1_472' title='bbox 1046 2402 1080 2433; x_wconf 90' lang='lat'>&amp;</span> <span class='ocrx_word' id='word_1_473' title='bbox 1099 2411 1142 2432; x_wconf 83' lang='lat' dir='ltr'>in-</span> 
     </span>
     <span class='ocr_line' id='line_1_59' title="bbox 59 2422 1142 2483; baseline -0.012 0"><span class='ocrx_word' id='word_1_474' title='bbox 59 2422 104 2483; x_wconf 50' lang='lat' dir='ltr'>{ra</span> <span class='ocrx_word' id='word_1_475' title='bbox 123 2450 196 2482; x_wconf 88' lang='lat' dir='ltr'>duos</span> <span class='ocrx_word' id='word_1_476' title='bbox 215 2449 320 2481; x_wconf 91' lang='lat' dir='ltr'>Annos</span> <span class='ocrx_word' id='word_1_477' title='bbox 346 2446 363 2475; x_wconf 76' lang='lat' dir='ltr'>a</span> <span class='ocrx_word' id='word_1_478' title='bbox 387 2452 520 2481; x_wconf 87' lang='lat' dir='ltr'>tempore</span> <span class='ocrx_word' id='word_1_479' title='bbox 545 2443 718 2481; x_wconf 86' lang='lat' dir='ltr'>inceptionis</span> <span class='ocrx_word' id='word_1_480' title='bbox 740 2440 869 2481; x_wconf 89' lang='lat' dir='ltr'>ejusdem</span> <span class='ocrx_word' id='word_1_481' title='bbox 898 2440 981 2479; x_wconf 86' lang='lat' dir='ltr'>plene</span> <span class='ocrx_word' id='word_1_482' title='bbox 1006 2440 1142 2472; x_wconf 87' lang='lat' dir='ltr'>determi-</span> 
     </span>
     <span class='ocr_line' id='line_1_60' title="bbox 61 2478 1143 2528; baseline -0.013 -5"><span class='ocrx_word' id='word_1_483' title='bbox 61 2490 209 2528; x_wconf 83' lang='lat' dir='ltr'>nandum,</span> <span class='ocrx_word' id='word_1_484' title='bbox 227 2483 439 2518; x_wconf 79' lang='lat' dir='ltr'>diffolvendum</span> <span class='ocrx_word' id='word_1_485' title='bbox 454 2482 488 2513; x_wconf 87' lang='lat'>&amp;</span> <span class='ocrx_word' id='word_1_486' title='bbox 503 2479 683 2520; x_wconf 83' lang='lat' dir='ltr'>finiendum,</span> <span class='ocrx_word' id='word_1_487' title='bbox 700 2482 734 2513; x_wconf 91' lang='lat'>&amp;</span> <span class='ocrx_word' id='word_1_488' title='bbox 752 2480 939 2519; x_wconf 83' lang='lat' dir='ltr'>quoscunque</span> <span class='ocrx_word' id='word_1_489' title='bbox 957 2478 994 2510; x_wconf 84' lang='lat' dir='ltr'>fic</span> <span class='ocrx_word' id='word_1_490' title='bbox 1013 2479 1143 2510; x_wconf 86' lang='lat' dir='ltr'>summo-</span> 
     </span>
     <span class='ocr_line' id='line_1_61' title="bbox 64 2517 1143 2565; baseline -0.01 -4"><span class='ocrx_word' id='word_1_491' title='bbox 64 2532 142 2562; x_wconf 82' lang='lat' dir='ltr'>nitos</span> <span class='ocrx_word' id='word_1_492' title='bbox 164 2527 309 2565; x_wconf 86' lang='lat' dir='ltr'>absentes,</span> <span class='ocrx_word' id='word_1_493' title='bbox 326 2525 360 2557; x_wconf 75' lang='grc' dir='ltr'>δε</span> <span class='ocrx_word' id='word_1_494' title='bbox 388 2532 450 2554; x_wconf 88' lang='lat' dir='ltr'>non</span> <span class='ocrx_word' id='word_1_495' title='bbox 470 2520 608 2560; x_wconf 88' lang='lat' dir='ltr'>legittime</span> <span class='ocrx_word' id='word_1_496' title='bbox 630 2520 787 2560; x_wconf 87' lang='lat' dir='ltr'>impeditos</span> <span class='ocrx_word' id='word_1_497' title='bbox 807 2517 1011 2551; x_wconf 66' lang='lat' dir='ltr'>mulctandum</span> <span class='ocrx_word' id='word_1_498' title='bbox 1031 2519 1064 2551; x_wconf 70' lang='grc' dir='ltr'>ὅ(</span> <span class='ocrx_word' id='word_1_499' title='bbox 1090 2528 1143 2558; x_wconf 89' lang='lat' dir='ltr'>pu-</span> 
     </span>
     <span class='ocr_line' id='line_1_62' title="bbox 69 2568 1018 2606; baseline -0.013 -5"><span class='ocrx_word' id='word_1_500' title='bbox 69 2568 218 2601; x_wconf 87' lang='lat' dir='ltr'>niendum.</span> <span class='ocrx_word' id='word_1_501' title='bbox 450 2584 482 2606; x_wconf 54' lang='lat'>23</span> <span class='ocrx_word' id='word_1_502' title='bbox 759 2600 765 2605; x_wconf 27' lang='lat'><strong>⁴</strong></span> <span class='ocrx_word' id='word_1_503' title='bbox 1013 2597 1018 2603; x_wconf 92' lang='lat'><em>.</em></span> 
     </span>
     <span class='ocr_line' id='line_1_63' title="bbox 105 2595 1144 2640; baseline -0.013 -1"><span class='ocrx_word' id='word_1_504' title='bbox 105 2604 311 2639; x_wconf 85' lang='lat' dir='ltr'>Conceffimus</span> <span class='ocrx_word' id='word_1_505' title='bbox 326 2600 437 2640; x_wconf 89' lang='lat' dir='ltr'>insuper</span> <span class='ocrx_word' id='word_1_506' title='bbox 455 2599 537 2631; x_wconf 55' lang='lat' dir='ltr'>disto</span> <span class='ocrx_word' id='word_1_507' title='bbox 552 2602 764 2629; x_wconf 77' lang='lat' dir='ltr'>Locumtenenti</span> <span class='ocrx_word' id='word_1_508' title='bbox 773 2595 873 2629; x_wconf 89' lang='lat' dir='ltr'>nostro</span> <span class='ocrx_word' id='word_1_509' title='bbox 882 2595 1020 2628; x_wconf 83' lang='lat' dir='ltr'>Generali</span> <span class='ocrx_word' id='word_1_510' title='bbox 1036 2596 1069 2627; x_wconf 74' lang='grc' dir='ltr'>ὃ(</span> <span class='ocrx_word' id='word_1_511' title='bbox 1079 2595 1144 2627; x_wconf 91' lang='lat' dir='ltr'>Gu-</span> 
     </span>
     <span class='ocr_line' id='line_1_64' title="bbox 63 2635 1141 2679; baseline -0.012 -1"><span class='ocrx_word' id='word_1_512' title='bbox 63 2646 209 2678; x_wconf 86' lang='lat' dir='ltr'>bernatori</span> <span class='ocrx_word' id='word_1_513' title='bbox 233 2642 331 2674; x_wconf 87' lang='lat' dir='ltr'>nostro</span> <span class='ocrx_word' id='word_1_514' title='bbox 350 2639 503 2677; x_wconf 81' lang='lat' dir='ltr'>Generali,</span> <span class='ocrx_word' id='word_1_515' title='bbox 528 2639 642 2679; x_wconf 88' lang='lat' dir='ltr'>plenam</span> <span class='ocrx_word' id='word_1_516' title='bbox 665 2638 699 2669; x_wconf 90' lang='lat'>&amp;</span> <span class='ocrx_word' id='word_1_517' title='bbox 722 2635 912 2668; x_wconf 82' lang='lat' dir='ltr'>sufficientem</span> <span class='ocrx_word' id='word_1_518' title='bbox 935 2636 1141 2666; x_wconf 85' lang='lat' dir='ltr'>authoritatem</span> 
     </span>
     <span class='ocr_line' id='line_1_65' title="bbox 64 2673 1141 2725; baseline -0.014 -7"><span class='ocrx_word' id='word_1_519' title='bbox 64 2688 99 2718; x_wconf 89' lang='lat'>&amp;</span> <span class='ocrx_word' id='word_1_520' title='bbox 113 2684 301 2725; x_wconf 86' lang='lat' dir='ltr'>potestatem,</span> <span class='ocrx_word' id='word_1_521' title='bbox 320 2679 355 2710; x_wconf 89' lang='lat' dir='ltr'>ad</span> <span class='ocrx_word' id='word_1_522' title='bbox 371 2677 562 2709; x_wconf 90' lang='lat' dir='ltr'>omnimodos</span> <span class='ocrx_word' id='word_1_523' title='bbox 578 2675 746 2708; x_wconf 84' lang='lat' dir='ltr'>Officiarios</span> <span class='ocrx_word' id='word_1_524' title='bbox 760 2674 976 2718; x_wconf 82' lang='lat' dir='ltr'>computabiles</span> <span class='ocrx_word' id='word_1_525' title='bbox 997 2673 1141 2718; x_wconf 67' lang='lat' dir='ltr'>(Thesau-</span> 
     </span>
     <span class='ocr_line' id='line_1_66' title="bbox 65 2713 1139 2758; baseline -0.013 -2"><span class='ocrx_word' id='word_1_526' title='bbox 65 2726 141 2756; x_wconf 73' lang='lat' dir='ltr'>ratio</span> <span class='ocrx_word' id='word_1_527' title='bbox 163 2724 195 2755; x_wconf 71' lang='grc' dir='ltr'>δε</span> <span class='ocrx_word' id='word_1_528' title='bbox 215 2718 446 2752; x_wconf 84' lang='lat' dir='ltr'>Subthesaurario</span> <span class='ocrx_word' id='word_1_529' title='bbox 469 2717 516 2746; x_wconf 91' lang='lat' dir='ltr'>Re</span> <span class='ocrx_word' id='word_1_530' title='bbox 539 2717 568 2746; x_wconf 85' lang='lat' dir='ltr'>ni</span> <span class='ocrx_word' id='word_1_531' title='bbox 591 2715 680 2747; x_wconf 90' lang='lat' dir='ltr'>nostri</span> <span class='ocrx_word' id='word_1_532' title='bbox 702 2713 821 2758; x_wconf 68' lang='lat' dir='ltr'>predieh</span> <span class='ocrx_word' id='word_1_533' title='bbox 846 2713 977 2758; x_wconf 85' lang='lat' dir='ltr'>duntaxat</span> <span class='ocrx_word' id='word_1_534' title='bbox 1002 2713 1139 2758; x_wconf 82' lang='lat' dir='ltr'>exceptis)</span> 
     </span>
     <span class='ocr_line' id='line_1_67' title="bbox 64 2751 1143 2795; baseline -0.011 -1"><span class='ocrx_word' id='word_1_535' title='bbox 64 2772 168 2795; x_wconf 89' lang='lat' dir='ltr'>coram</span> <span class='ocrx_word' id='word_1_536' title='bbox 184 2759 290 2792; x_wconf 88' lang='lat' dir='ltr'>eisdem</span> <span class='ocrx_word' id='word_1_537' title='bbox 305 2756 494 2788; x_wconf 86' lang='lat' dir='ltr'>Thesaurario</span> <span class='ocrx_word' id='word_1_538' title='bbox 556 2753 790 2787; x_wconf 84' lang='lat' dir='ltr'>Subthesaurario</span> <span class='ocrx_word' id='word_1_539' title='bbox 806 2751 926 2791; x_wconf 86' lang='lat' dir='ltr'>nostris,</span> <span class='ocrx_word' id='word_1_540' title='bbox 942 2754 975 2784; x_wconf 91' lang='lat'><strong>&amp;</strong></span> <span class='ocrx_word' id='word_1_541' title='bbox 985 2751 1143 2795; x_wconf 81' lang='lat' dir='ltr'>Batonibus</span> 
     </span>
     <span class='ocr_line' id='line_1_68' title="bbox 61 2791 1141 2834; baseline -0.013 0"><span class='ocrx_word' id='word_1_542' title='bbox 61 2800 210 2834; x_wconf 77' lang='lat' dir='ltr'>scaccarii</span> <span class='ocrx_word' id='word_1_543' title='bbox 224 2796 314 2828; x_wconf 88' lang='lat' dir='ltr'>nostri</span> <span class='ocrx_word' id='word_1_544' title='bbox 327 2795 399 2826; x_wconf 72' lang='lat' dir='ltr'>dieti</span> <span class='ocrx_word' id='word_1_545' title='bbox 415 2793 512 2833; x_wconf 85' lang='lat' dir='ltr'>Regni</span> <span class='ocrx_word' id='word_1_546' title='bbox 526 2793 615 2823; x_wconf 84' lang='lat' dir='ltr'>nostri</span> <span class='ocrx_word' id='word_1_547' title='bbox 627 2792 777 2829; x_wconf 80' lang='lat' dir='ltr'>Hibernie,</span> <span class='ocrx_word' id='word_1_548' title='bbox 795 2800 966 2828; x_wconf 88' lang='lat' dir='ltr'>computare</span> <span class='ocrx_word' id='word_1_549' title='bbox 975 2791 1141 2821; x_wconf 76' lang='lat' dir='ltr'>facrendum</span> 
     </span>
     <span class='ocr_line' id='line_1_69' title="bbox 65 2829 1137 2878; baseline -0.011 -7"><span class='ocrx_word' id='word_1_550' title='bbox 65 2843 101 2873; x_wconf 89' lang='lat'>&amp;</span> <span class='ocrx_word' id='word_1_551' title='bbox 113 2841 148 2870; x_wconf 90' lang='lat' dir='ltr'>ad</span> <span class='ocrx_word' id='word_1_552' title='bbox 161 2835 325 2878; x_wconf 87' lang='lat' dir='ltr'>hujusmodi</span> <span class='ocrx_word' id='word_1_553' title='bbox 341 2833 492 2870; x_wconf 84' lang='lat' dir='ltr'>Computa</span> <span class='ocrx_word' id='word_1_554' title='bbox 505 2830 646 2863; x_wconf 80' lang='lat' dir='ltr'>reddenda</span> <span class='ocrx_word' id='word_1_555' title='bbox 656 2854 666 2869; x_wconf 96' lang='lat'>,</span> <span class='ocrx_word' id='word_1_556' title='bbox 684 2829 941 2873; x_wconf 79' lang='lat' dir='ltr'>compellendum,</span> <span class='ocrx_word' id='word_1_557' title='bbox 959 2840 992 2860; x_wconf 88' lang='lat' dir='ltr'>ac</span> <span class='ocrx_word' id='word_1_558' title='bbox 1007 2829 1137 2872; x_wconf 77' lang='lat' dir='ltr'>etiamad</span> 
     </span>
     <span class='ocr_line' id='line_1_70' title="bbox 66 2867 1142 2919; baseline -0.013 -8"><span class='ocrx_word' id='word_1_559' title='bbox 66 2878 269 2919; x_wconf 88' lang='lat' dir='ltr'>inquirendum</span> <span class='ocrx_word' id='word_1_560' title='bbox 284 2874 318 2904; x_wconf 75' lang='grc' dir='ltr'>δε</span> <span class='ocrx_word' id='word_1_561' title='bbox 333 2873 437 2911; x_wconf 87' lang='lat' dir='ltr'>inquiri</span> <span class='ocrx_word' id='word_1_562' title='bbox 452 2871 638 2908; x_wconf 83' lang='lat' dir='ltr'>faciendum,</span> <span class='ocrx_word' id='word_1_563' title='bbox 664 2870 717 2900; x_wconf 86' lang='lat' dir='ltr'>viis</span> <span class='ocrx_word' id='word_1_564' title='bbox 739 2869 773 2899; x_wconf 70' lang='grc' dir='ltr'>ὅ(</span> <span class='ocrx_word' id='word_1_565' title='bbox 796 2867 892 2911; x_wconf 80' lang='lat' dir='ltr'>modis</span> <span class='ocrx_word' id='word_1_566' title='bbox 915 2868 1018 2907; x_wconf 90' lang='lat' dir='ltr'>quibus</span> <span class='ocrx_word' id='word_1_567' title='bbox 1039 2868 1142 2899; x_wconf 79' lang='lat' dir='ltr'>melius</span> 
     </span>
     <span class='ocr_line' id='line_1_71' title="bbox 66 2905 1141 2950; baseline -0.013 0"><span class='ocrx_word' id='word_1_568' title='bbox 66 2919 119 2950; x_wconf 83' lang='lat' dir='ltr'>sibi</span> <span class='ocrx_word' id='word_1_569' title='bbox 134 2916 280 2949; x_wconf 87' lang='lat' dir='ltr'>videbitur</span> <span class='ocrx_word' id='word_1_570' title='bbox 293 2911 458 2943; x_wconf 86' lang='lat' dir='ltr'>faciendum</span> <span class='ocrx_word' id='word_1_571' title='bbox 468 2935 477 2947; x_wconf 88' lang='lat'>,</span> <span class='ocrx_word' id='word_1_572' title='bbox 495 2909 532 2940; x_wconf 92' lang='lat' dir='ltr'>de</span> <span class='ocrx_word' id='word_1_573' title='bbox 551 2908 768 2948; x_wconf 81' lang='lat' dir='ltr'>quibuscunque</span> <span class='ocrx_word' id='word_1_574' title='bbox 780 2905 866 2938; x_wconf 87' lang='lat' dir='ltr'>Bonis</span> <span class='ocrx_word' id='word_1_575' title='bbox 881 2907 915 2938; x_wconf 86' lang='lat'>&amp;</span> <span class='ocrx_word' id='word_1_576' title='bbox 928 2905 1046 2950; x_wconf 82' lang='lat' dir='ltr'>Catallis</span> <span class='ocrx_word' id='word_1_577' title='bbox 1056 2929 1065 2945; x_wconf 92' lang='lat'>,</span> <span class='ocrx_word' id='word_1_578' title='bbox 1084 2916 1141 2945; x_wconf 91' lang='lat' dir='ltr'>que</span> 
     </span>
     <span class='ocr_line' id='line_1_72' title="bbox 66 2944 1144 2990; baseline -0.014 0"><span class='ocrx_word' id='word_1_579' title='bbox 66 2958 181 2990; x_wconf 85' lang='lat' dir='ltr'>fuerunt</span> <span class='ocrx_word' id='word_1_580' title='bbox 195 2954 315 2985; x_wconf 85' lang='lat' dir='ltr'>illorum</span> <span class='ocrx_word' id='word_1_581' title='bbox 331 2951 388 2981; x_wconf 82' lang='lat' dir='ltr'>live</span> <span class='ocrx_word' id='word_1_582' title='bbox 403 2950 545 2987; x_wconf 87' lang='lat' dir='ltr'>aliorum,</span> <span class='ocrx_word' id='word_1_583' title='bbox 564 2949 613 2987; x_wconf 90' lang='lat' dir='ltr'>qui</span> <span class='ocrx_word' id='word_1_584' title='bbox 624 2956 689 2987; x_wconf 89' lang='lat' dir='ltr'>erga</span> <span class='ocrx_word' id='word_1_585' title='bbox 706 2945 775 2977; x_wconf 89' lang='lat' dir='ltr'>Nos</span> <span class='ocrx_word' id='word_1_586' title='bbox 800 2944 846 2989; x_wconf 80' lang='lat' dir='ltr'>seu</span> <span class='ocrx_word' id='word_1_587' title='bbox 872 2944 1072 2989; x_wconf 65' lang='lat' dir='ltr'>progenitores</span> <span class='ocrx_word' id='word_1_588' title='bbox 1088 2956 1144 2976; x_wconf 90' lang='lat' dir='ltr'>no-</span> 
     </span>
     <span class='ocr_line' id='line_1_73' title="bbox 68 2983 1144 3029; baseline -0.013 0"><span class='ocrx_word' id='word_1_589' title='bbox 68 2996 141 3029; x_wconf 87' lang='lat' dir='ltr'>stros</span> <span class='ocrx_word' id='word_1_590' title='bbox 155 2992 356 3027; x_wconf 82' lang='lat' dir='ltr'>forisfecerunt</span> <span class='ocrx_word' id='word_1_591' title='bbox 372 2988 419 3020; x_wconf 92' lang='lat' dir='ltr'>vel</span> <span class='ocrx_word' id='word_1_592' title='bbox 431 2987 626 3025; x_wconf 86' lang='lat' dir='ltr'>forisfacient‚</span> <span class='ocrx_word' id='word_1_593' title='bbox 645 2988 678 3018; x_wconf 88' lang='lat'>&amp;</span> <span class='ocrx_word' id='word_1_594' title='bbox 695 2996 710 3017; x_wconf 92' lang='lat' dir='ltr'>a</span> <span class='ocrx_word' id='word_1_595' title='bbox 724 2984 825 3015; x_wconf 83' lang='lat' dir='ltr'>Nobis</span> <span class='ocrx_word' id='word_1_596' title='bbox 847 2986 995 3029; x_wconf 78' lang='lat' dir='ltr'>concelata</span> <span class='ocrx_word' id='word_1_597' title='bbox 1018 2983 1144 3015; x_wconf 85' lang='lat' dir='ltr'>existunt</span> 
     </span>
     <span class='ocr_line' id='line_1_74' title="bbox 68 3022 1143 3072; baseline -0.013 -5"><span class='ocrx_word' id='word_1_598' title='bbox 68 3036 118 3066; x_wconf 89' lang='lat' dir='ltr'>vel</span> <span class='ocrx_word' id='word_1_599' title='bbox 132 3031 326 3072; x_wconf 88' lang='lat' dir='ltr'>imposterum</span> <span class='ocrx_word' id='word_1_600' title='bbox 342 3027 482 3065; x_wconf 73' lang='lat' dir='ltr'>existent,</span> <span class='ocrx_word' id='word_1_601' title='bbox 502 3026 541 3058; x_wconf 91' lang='lat' dir='ltr'>Et</span> <span class='ocrx_word' id='word_1_602' title='bbox 558 3026 595 3058; x_wconf 87' lang='lat' dir='ltr'>ad</span> <span class='ocrx_word' id='word_1_603' title='bbox 611 3025 710 3056; x_wconf 90' lang='lat' dir='ltr'>omnia</span> <span class='ocrx_word' id='word_1_604' title='bbox 725 3024 758 3055; x_wconf 89' lang='lat'>&amp;</span> <span class='ocrx_word' id='word_1_605' title='bbox 773 3022 879 3061; x_wconf 81' lang='lat' dir='ltr'>singula</span> <span class='ocrx_word' id='word_1_606' title='bbox 892 3023 944 3068; x_wconf 80' lang='lat' dir='ltr'>alia</span> <span class='ocrx_word' id='word_1_607' title='bbox 962 3033 1018 3062; x_wconf 89' lang='lat' dir='ltr'>que</span> <span class='ocrx_word' id='word_1_608' title='bbox 1033 3022 1067 3068; x_wconf 81' lang='lat' dir='ltr'>ad</span> <span class='ocrx_word' id='word_1_609' title='bbox 1085 3022 1143 3053; x_wconf 89' lang='lat' dir='ltr'>Of-</span> 
     </span>
     <span class='ocr_line' id='line_1_75' title="bbox 67 3060 1144 3107; baseline -0.013 0"><span class='ocrx_word' id='word_1_610' title='bbox 67 3074 170 3106; x_wconf 85' lang='lat' dir='ltr'>ficium</span> <span class='ocrx_word' id='word_1_611' title='bbox 184 3070 406 3103; x_wconf 58' lang='lat' dir='ltr'>Locumtenenti}</span> <span class='ocrx_word' id='word_1_612' title='bbox 422 3066 514 3096; x_wconf 88' lang='lat' dir='ltr'>nostri</span> <span class='ocrx_word' id='word_1_613' title='bbox 528 3064 676 3096; x_wconf 85' lang='lat' dir='ltr'>Generalis</span> <span class='ocrx_word' id='word_1_614' title='bbox 692 3060 953 3107; x_wconf 64' lang='lat' dir='ltr'>&amp;Gubernatoris</span> <span class='ocrx_word' id='word_1_615' title='bbox 968 3061 1058 3106; x_wconf 82' lang='lat' dir='ltr'>nostri</span> <span class='ocrx_word' id='word_1_616' title='bbox 1068 3061 1144 3106; x_wconf 34' lang='lat' dir='ltr'>&#39;Ge-</span> 
     </span>
     <span class='ocr_line' id='line_1_76' title="bbox 70 3100 1146 3150; baseline -0.013 -5"><span class='ocrx_word' id='word_1_617' title='bbox 70 3113 188 3150; x_wconf 86' lang='lat' dir='ltr'>neralis,</span> <span class='ocrx_word' id='word_1_618' title='bbox 204 3112 289 3150; x_wconf 85' lang='lat' dir='ltr'>jure,</span> <span class='ocrx_word' id='word_1_619' title='bbox 307 3107 354 3138; x_wconf 91' lang='lat' dir='ltr'>usu</span> <span class='ocrx_word' id='word_1_620' title='bbox 371 3107 405 3138; x_wconf 88' lang='lat'>&amp;</span> <span class='ocrx_word' id='word_1_621' title='bbox 419 3103 625 3137; x_wconf 90' lang='lat' dir='ltr'>consuetudine</span> <span class='ocrx_word' id='word_1_622' title='bbox 638 3103 668 3134; x_wconf 92' lang='lat' dir='ltr'>R</span> <span class='ocrx_word' id='word_1_623' title='bbox 727 3100 841 3146; x_wconf 69' lang='lat' dir='ltr'>inostri</span> <span class='ocrx_word' id='word_1_624' title='bbox 880 3101 980 3132; x_wconf 67' lang='lat' dir='ltr'>redich</span> <span class='ocrx_word' id='word_1_625' title='bbox 1004 3110 1146 3145; x_wconf 81' lang='lat' dir='ltr'>pertinent</span> 
     </span>
     <span class='ocr_line' id='line_1_77' title="bbox 70 3140 1146 3191; baseline -0.014 -7"><span class='ocrx_word' id='word_1_626' title='bbox 70 3161 120 3184; x_wconf 87' lang='lat' dir='ltr'>aut</span> <span class='ocrx_word' id='word_1_627' title='bbox 135 3157 276 3191; x_wconf 85' lang='lat' dir='ltr'>pertinere</span> <span class='ocrx_word' id='word_1_628' title='bbox 290 3146 443 3182; x_wconf 88' lang='lat' dir='ltr'>deberent,</span> <span class='ocrx_word' id='word_1_629' title='bbox 458 3145 491 3176; x_wconf 78' lang='grc' dir='ltr'>ὅτ,</span> <span class='ocrx_word' id='word_1_630' title='bbox 506 3153 558 3181; x_wconf 88' lang='lat' dir='ltr'>pro</span> <span class='ocrx_word' id='word_1_631' title='bbox 571 3145 651 3174; x_wconf 89' lang='lat' dir='ltr'>bono</span> <span class='ocrx_word' id='word_1_632' title='bbox 711 3149 840 3180; x_wconf 87' lang='lat' dir='ltr'>egimine</span> <span class='ocrx_word' id='word_1_633' title='bbox 860 3180 865 3184; x_wconf 90' lang='lat'>.</span> <span class='ocrx_word' id='word_1_634' title='bbox 878 3148 889 3155; x_wconf 69' lang='grc'><em>’</em></span> <span class='ocrx_word' id='word_1_635' title='bbox 912 3140 1095 3178; x_wconf 77' lang='lat' dir='ltr'>Salvatione,</span> <span class='ocrx_word' id='word_1_636' title='bbox 1113 3140 1146 3183; x_wconf 71' lang='grc' dir='ltr'>ὃς</span> 
     </span>
     <span class='ocr_line' id='line_1_78' title="bbox 74 3179 1148 3229; baseline -0.013 -7"><span class='ocrx_word' id='word_1_637' title='bbox 74 3201 130 3229; x_wconf 84' lang='lat' dir='ltr'>pro</span> <span class='ocrx_word' id='word_1_638' title='bbox 145 3188 275 3221; x_wconf 90' lang='lat' dir='ltr'>custodia</span> <span class='ocrx_word' id='word_1_639' title='bbox 289 3184 373 3215; x_wconf 90' lang='lat' dir='ltr'>Pacis</span> <span class='ocrx_word' id='word_1_640' title='bbox 388 3183 487 3220; x_wconf 87' lang='lat' dir='ltr'>Regni</span> <span class='ocrx_word' id='word_1_641' title='bbox 503 3181 591 3213; x_wconf 89' lang='lat' dir='ltr'>nostri</span> <span class='ocrx_word' id='word_1_642' title='bbox 610 3180 749 3219; x_wconf 65' lang='lat' dir='ltr'>predicti,</span> <span class='ocrx_word' id='word_1_643' title='bbox 767 3180 800 3211; x_wconf 69' lang='grc' dir='ltr'>ὃ(</span> <span class='ocrx_word' id='word_1_644' title='bbox 815 3188 914 3223; x_wconf 72' lang='lat' dir='ltr'>quiete</span> <span class='ocrx_word' id='word_1_645' title='bbox 937 3179 1043 3219; x_wconf 86' lang='lat' dir='ltr'>Populi</span> <span class='ocrx_word' id='word_1_646' title='bbox 1058 3179 1148 3209; x_wconf 83' lang='lat' dir='ltr'>nostri</span> 
     </span>
     <span class='ocr_line' id='line_1_79' title="bbox 76 3217 1150 3265; baseline -0.01 -8"><span class='ocrx_word' id='word_1_647' title='bbox 76 3229 186 3259; x_wconf 80' lang='lat' dir='ltr'>ibidem</span> <span class='ocrx_word' id='word_1_648' title='bbox 196 3250 206 3265; x_wconf 82' lang='lat'>‚</span> <span class='ocrx_word' id='word_1_649' title='bbox 222 3227 254 3258; x_wconf 69' lang='grc' dir='ltr'>δε</span> <span class='ocrx_word' id='word_1_650' title='bbox 271 3223 488 3262; x_wconf 84' lang='lat' dir='ltr'>recuperatione</span> <span class='ocrx_word' id='word_1_651' title='bbox 498 3221 614 3259; x_wconf 90' lang='lat' dir='ltr'>Jurium</span> <span class='ocrx_word' id='word_1_652' title='bbox 628 3219 795 3251; x_wconf 87' lang='lat' dir='ltr'>nostrorum</span> <span class='ocrx_word' id='word_1_653' title='bbox 808 3227 843 3262; x_wconf 40' lang='lat' dir='ltr'>&#39;in</span> <span class='ocrx_word' id='word_1_654' title='bbox 856 3217 965 3262; x_wconf 84' lang='lat' dir='ltr'>Regno</span> <span class='ocrx_word' id='word_1_655' title='bbox 980 3217 1080 3249; x_wconf 90' lang='lat' dir='ltr'>nostro</span> <span class='ocrx_word' id='word_1_656' title='bbox 1092 3219 1150 3247; x_wconf 85' lang='lat' dir='ltr'>Hi-</span> 
     </span>
     <span class='ocr_line' id='line_1_80' title="bbox 78 3256 1153 3300; baseline -0.011 -2"><span class='ocrx_word' id='word_1_657' title='bbox 78 3267 169 3298; x_wconf 80' lang='lat' dir='ltr'>bernie</span> <span class='ocrx_word' id='word_1_658' title='bbox 184 3263 334 3296; x_wconf 76' lang='lat' dir='ltr'>necessaria</span> <span class='ocrx_word' id='word_1_659' title='bbox 348 3262 453 3293; x_wconf 83' lang='lat' dir='ltr'>fuerint</span> <span class='ocrx_word' id='word_1_660' title='bbox 476 3260 567 3299; x_wconf 87' lang='lat' dir='ltr'>(salvis</span> <span class='ocrx_word' id='word_1_661' title='bbox 588 3258 667 3297; x_wconf 89' lang='lat' dir='ltr'>supra</span> <span class='ocrx_word' id='word_1_662' title='bbox 687 3257 842 3293; x_wconf 80' lang='lat' dir='ltr'>reservatis)</span> <span class='ocrx_word' id='word_1_663' title='bbox 859 3256 1049 3300; x_wconf 79' lang='lat' dir='ltr'>¹faciendum,</span> <span class='ocrx_word' id='word_1_664' title='bbox 1075 3266 1153 3288; x_wconf 87' lang='lat' dir='ltr'>exer-</span> 
     </span>
     <span class='ocr_line' id='line_1_81' title="bbox 82 3296 1156 3342; baseline -0.012 -5"><span class='ocrx_word' id='word_1_665' title='bbox 82 3306 227 3342; x_wconf 90' lang='lat' dir='ltr'>cendum,</span> <span class='ocrx_word' id='word_1_666' title='bbox 244 3300 443 3341; x_wconf 88' lang='lat' dir='ltr'>exequendum</span> <span class='ocrx_word' id='word_1_667' title='bbox 458 3299 492 3330; x_wconf 87' lang='lat'>&amp;</span> <span class='ocrx_word' id='word_1_668' title='bbox 505 3297 714 3335; x_wconf 86' lang='lat' dir='ltr'>ordinandum,</span> <span class='ocrx_word' id='word_1_669' title='bbox 732 3306 765 3327; x_wconf 91' lang='lat' dir='ltr'>ac</span> <span class='ocrx_word' id='word_1_670' title='bbox 781 3304 881 3326; x_wconf 88' lang='lat' dir='ltr'>omnia</span> <span class='ocrx_word' id='word_1_671' title='bbox 895 3296 947 3325; x_wconf 89' lang='lat' dir='ltr'>alia</span> <span class='ocrx_word' id='word_1_672' title='bbox 967 3298 1086 3326; x_wconf 89' lang='lat' dir='ltr'>nomine</span> <span class='ocrx_word' id='word_1_673' title='bbox 1100 3305 1156 3325; x_wconf 93' lang='lat' dir='ltr'>no-</span> 
     </span>
     <span class='ocr_line' id='line_1_82' title="bbox 83 3334 1159 3380; baseline -0.012 -4"><span class='ocrx_word' id='word_1_674' title='bbox 83 3345 142 3376; x_wconf 87' lang='lat' dir='ltr'>stro</span> <span class='ocrx_word' id='word_1_675' title='bbox 163 3344 195 3374; x_wconf 89' lang='lat'><strong>&amp;</strong></span> <span class='ocrx_word' id='word_1_676' title='bbox 217 3351 271 3380; x_wconf 87' lang='lat' dir='ltr'>pro</span> <span class='ocrx_word' id='word_1_677' title='bbox 292 3340 393 3371; x_wconf 87' lang='lat' dir='ltr'>Nobis</span> <span class='ocrx_word' id='word_1_678' title='bbox 415 3340 446 3368; x_wconf 94' lang='lat' dir='ltr'>in</span> <span class='ocrx_word' id='word_1_679' title='bbox 470 3337 551 3368; x_wconf 67' lang='lat' dir='ltr'>disto</span> <span class='ocrx_word' id='word_1_680' title='bbox 575 3335 680 3375; x_wconf 88' lang='lat' dir='ltr'>Regno</span> <span class='ocrx_word' id='word_1_681' title='bbox 702 3334 802 3366; x_wconf 91' lang='lat' dir='ltr'>nostro</span> <span class='ocrx_word' id='word_1_682' title='bbox 823 3334 952 3363; x_wconf 77' lang='lat' dir='ltr'>Hibernie</span> <span class='ocrx_word' id='word_1_683' title='bbox 972 3334 1159 3369; x_wconf 87' lang='lat' dir='ltr'>faciendum,</span> 
     </span>
     <span class='ocr_line' id='line_1_83' title="bbox 82 3372 1157 3414; baseline -0.011 -1"><span class='ocrx_word' id='word_1_684' title='bbox 82 3380 275 3414; x_wconf 80' lang='lat' dir='ltr'>exercendum</span> <span class='ocrx_word' id='word_1_685' title='bbox 291 3381 324 3412; x_wconf 90' lang='lat'>&amp;</span> <span class='ocrx_word' id='word_1_686' title='bbox 338 3376 559 3413; x_wconf 89' lang='lat' dir='ltr'>ordinandum,</span> <span class='ocrx_word' id='word_1_687' title='bbox 577 3375 648 3406; x_wconf 87' lang='lat' dir='ltr'>sicut</span> <span class='ocrx_word' id='word_1_688' title='bbox 663 3373 732 3404; x_wconf 93' lang='lat' dir='ltr'>Nos</span> <span class='ocrx_word' id='word_1_689' title='bbox 750 3373 908 3403; x_wconf 88' lang='lat' dir='ltr'>faceremus</span> <span class='ocrx_word' id='word_1_690' title='bbox 922 3380 971 3403; x_wconf 83' lang='lat' dir='ltr'>aut</span> <span class='ocrx_word' id='word_1_691' title='bbox 985 3372 1077 3404; x_wconf 85' lang='lat' dir='ltr'>facete</span> <span class='ocrx_word' id='word_1_692' title='bbox 1091 3381 1157 3411; x_wconf 83' lang='lat' dir='ltr'>pos-</span> 
     </span>
     <span class='ocr_line' id='line_1_84' title="bbox 87 3409 1156 3458; baseline -0.015 -4"><span class='ocrx_word' id='word_1_693' title='bbox 87 3422 200 3458; x_wconf 84' lang='lat' dir='ltr'>semus,</span> <span class='ocrx_word' id='word_1_694' title='bbox 218 3419 238 3449; x_wconf 87' lang='lat' dir='ltr'>si</span> <span class='ocrx_word' id='word_1_695' title='bbox 253 3418 362 3448; x_wconf 87' lang='lat' dir='ltr'>ibidem</span> <span class='ocrx_word' id='word_1_696' title='bbox 378 3417 408 3446; x_wconf 92' lang='lat' dir='ltr'>in</span> <span class='ocrx_word' id='word_1_697' title='bbox 421 3414 534 3454; x_wconf 88' lang='lat' dir='ltr'>propria</span> <span class='ocrx_word' id='word_1_698' title='bbox 549 3414 666 3451; x_wconf 87' lang='lat' dir='ltr'>persona</span> <span class='ocrx_word' id='word_1_699' title='bbox 682 3410 777 3442; x_wconf 89' lang='lat' dir='ltr'>nostra</span> <span class='ocrx_word' id='word_1_700' title='bbox 797 3409 927 3441; x_wconf 81' lang='lat' dir='ltr'>essemus.</span> <span class='ocrx_word' id='word_1_701' title='bbox 1149 3449 1156 3455; x_wconf 47' lang='grc'><strong><em>.</em></strong></span> 
     </span>
     <span class='ocr_line' id='line_1_85' title="bbox 124 3447 1158 3496; baseline -0.014 -7"><span class='ocrx_word' id='word_1_702' title='bbox 124 3459 236 3490; x_wconf 82' lang='lat' dir='ltr'>Damus</span> <span class='ocrx_word' id='word_1_703' title='bbox 251 3454 359 3496; x_wconf 87' lang='lat' dir='ltr'>insuper</span> <span class='ocrx_word' id='word_1_704' title='bbox 375 3455 483 3492; x_wconf 85' lang='lat' dir='ltr'>prefato</span> <span class='ocrx_word' id='word_1_705' title='bbox 506 3451 603 3482; x_wconf 88' lang='lat' dir='ltr'>Thome</span> <span class='ocrx_word' id='word_1_706' title='bbox 624 3453 726 3482; x_wconf 74' lang='lat' dir='ltr'>Camiri</span> <span class='ocrx_word' id='word_1_707' title='bbox 744 3447 901 3492; x_wconf 60' lang='grc' dir='ltr'>διναῇὸνιζ,</span> <span class='ocrx_word' id='word_1_708' title='bbox 928 3449 1158 3480; x_wconf 68' lang='lat' dir='ltr'>Locumtenenti</span> 
     </span>
     <span class='ocr_line' id='line_1_86' title="bbox 89 3487 1158 3531; baseline -0.011 -2"><span class='ocrx_word' id='word_1_709' title='bbox 89 3497 191 3530; x_wconf 89' lang='lat' dir='ltr'>nostro</span> <span class='ocrx_word' id='word_1_710' title='bbox 208 3494 344 3525; x_wconf 86' lang='lat' dir='ltr'>Generali</span> <span class='ocrx_word' id='word_1_711' title='bbox 359 3494 391 3524; x_wconf 67' lang='grc' dir='ltr'>ὃς</span> <span class='ocrx_word' id='word_1_712' title='bbox 409 3491 605 3522; x_wconf 84' lang='lat' dir='ltr'>Gubernatori</span> <span class='ocrx_word' id='word_1_713' title='bbox 627 3488 726 3520; x_wconf 90' lang='lat' dir='ltr'>nostro</span> <span class='ocrx_word' id='word_1_714' title='bbox 749 3488 904 3527; x_wconf 81' lang='lat' dir='ltr'>Generali,</span> <span class='ocrx_word' id='word_1_715' title='bbox 930 3489 1106 3531; x_wconf 29' lang='lat' dir='ltr'>potestatem*</span> <span class='ocrx_word' id='word_1_716' title='bbox 1123 3487 1158 3517; x_wconf 76' lang='grc' dir='ltr'>δε</span> 
     </span>
     <span class='ocr_line' id='line_1_87' title="bbox 92 3527 1160 3570; baseline -0.013 0"><span class='ocrx_word' id='word_1_717' title='bbox 92 3535 295 3570; x_wconf 85' lang='lat' dir='ltr'>authoritatem</span> <span class='ocrx_word' id='word_1_718' title='bbox 317 3531 451 3564; x_wconf 85' lang='lat' dir='ltr'>Navibus</span> <span class='ocrx_word' id='word_1_719' title='bbox 470 3528 574 3562; x_wconf 85' lang='lat' dir='ltr'>nostris</span> <span class='ocrx_word' id='word_1_720' title='bbox 593 3528 830 3569; x_wconf 83' lang='lat' dir='ltr'>quibuscunque,</span> <span class='ocrx_word' id='word_1_721' title='bbox 853 3535 901 3558; x_wconf 89' lang='lat' dir='ltr'>aut</span> <span class='ocrx_word' id='word_1_722' title='bbox 921 3527 981 3558; x_wconf 81' lang='lat' dir='ltr'>aliis</span> <span class='ocrx_word' id='word_1_723' title='bbox 1002 3536 1059 3565; x_wconf 88' lang='lat' dir='ltr'>que</span> <span class='ocrx_word' id='word_1_724' title='bbox 1080 3535 1160 3557; x_wconf 80' lang='lat' dir='ltr'>circa</span> 
     </span>
    </p>
   </div>
   <div class='ocr_carea' id='block_1_3' title="bbox 1132 4030 1179 4060">
    <p class='ocr_par' dir='ltr' id='par_1_3' title="bbox 1132 4030 1179 4060">
     <span class='ocr_line' id='line_1_88' title="bbox 1132 4030 1179 4060; baseline 0.021 -1"><span class='ocrx_word' id='word_1_725' title='bbox 1132 4030 1179 4060; x_wconf 82' lang='lat' dir='ltr'>De</span> 
     </span>
    </p>
   </div>
   <div class='ocr_carea' id='block_1_4' title="bbox 1173 144 1774 202">
    <p class='ocr_par' dir='ltr' id='par_1_4' title="bbox 1173 144 1774 202">
     <span class='ocr_line' id='line_1_89' title="bbox 1173 144 1774 202; baseline 0.012 -18"><span class='ocrx_word' id='word_1_726' title='bbox 1173 144 1293 193; x_wconf 75' lang='lat' dir='ltr'>as,</span> <span class='ocrx_word' id='word_1_727' title='bbox 1380 145 1774 202; x_wconf 79' lang='lat' dir='ltr'>LITERAE,</span> 
     </span>
    </p>
   </div>
   <div class='ocr_carea' id='block_1_5' title="bbox 1158 222 2393 276">
    <p class='ocr_par' dir='ltr' id='par_1_5' title="bbox 1158 222 2393 276">
     <span class='ocr_line' id='line_1_90' title="bbox 1158 222 2393 276; baseline 0.004 -16"><span class='ocrx_word' id='word_1_728' title='bbox 1158 229 1270 260; x_wconf 86' lang='lat' dir='ltr'>Littora</span> <span class='ocrx_word' id='word_1_729' title='bbox 1283 230 1355 262; x_wconf 68' lang='lat' dir='ltr'>disti</span> <span class='ocrx_word' id='word_1_730' title='bbox 1371 232 1469 271; x_wconf 85' lang='lat' dir='ltr'>Regni</span> <span class='ocrx_word' id='word_1_731' title='bbox 1483 232 1571 264; x_wconf 87' lang='lat' dir='ltr'>nostri</span> <span class='ocrx_word' id='word_1_732' title='bbox 1586 233 1720 264; x_wconf 74' lang='lat' dir='ltr'>Hiber-nie</span> <span class='ocrx_word' id='word_1_733' title='bbox 1734 234 1787 266; x_wconf 86' lang='lat' dir='ltr'>fint</span> <span class='ocrx_word' id='word_1_734' title='bbox 1801 234 1832 265; x_wconf 88' lang='lat' dir='ltr'>in</span> <span class='ocrx_word' id='word_1_735' title='bbox 1847 233 1961 266; x_wconf 82' lang='lat' dir='ltr'>servitio</span> <span class='ocrx_word' id='word_1_736' title='bbox 1975 234 2095 276; x_wconf 84' lang='lat' dir='ltr'>nostro,</span> <span class='ocrx_word' id='word_1_737' title='bbox 2111 243 2159 268; x_wconf 90' lang='lat' dir='ltr'>aut</span> <span class='ocrx_word' id='word_1_738' title='bbox 2173 235 2230 266; x_wconf 84' lang='lat' dir='ltr'>im-</span> <span class='ocrx_word' id='word_1_739' title='bbox 2255 222 2333 255; x_wconf 64' lang='grc' dir='ltr'>ΑΜ·</span> <span class='ocrx_word' id='word_1_740' title='bbox 2349 223 2393 255; x_wconf 80' lang='lat' dir='ltr'>D-</span> 
     </span>
    </p>
   </div>
   <div class='ocr_carea' id='block_1_6' title="bbox 1157 268 2235 357">
    <p class='ocr_par' dir='ltr' id='par_1_6' title="bbox 1157 268 2235 357">
     <span class='ocr_line' id='line_1_91' title="bbox 1157 268 2232 313; baseline 0.006 -14"><span class='ocrx_word' id='word_1_741' title='bbox 1157 268 1304 312; x_wconf 80' lang='lat' dir='ltr'>posterum</span> <span class='ocrx_word' id='word_1_742' title='bbox 1319 280 1489 309; x_wconf 87' lang='lat' dir='ltr'>quacunque</span> <span class='ocrx_word' id='word_1_743' title='bbox 1503 271 1669 303; x_wconf 77' lang='lat' dir='ltr'>Occasione</span> <span class='ocrx_word' id='word_1_744' title='bbox 1681 281 1779 311; x_wconf 89' lang='lat' dir='ltr'>erunt,</span> <span class='ocrx_word' id='word_1_745' title='bbox 1798 275 1832 306; x_wconf 87' lang='lat'>&amp;</span> <span class='ocrx_word' id='word_1_746' title='bbox 1848 274 1995 305; x_wconf 89' lang='lat' dir='ltr'>mittentur</span> <span class='ocrx_word' id='word_1_747' title='bbox 2015 283 2068 313; x_wconf 90' lang='lat' dir='ltr'>pro</span> <span class='ocrx_word' id='word_1_748' title='bbox 2092 274 2232 307; x_wconf 79' lang='lat' dir='ltr'>defensio-</span> 
     </span>
     <span class='ocr_line' id='line_1_92' title="bbox 1158 307 2235 357; baseline 0.006 -20"><span class='ocrx_word' id='word_1_749' title='bbox 1158 318 1195 337; x_wconf 92' lang='lat' dir='ltr'>ne</span> <span class='ocrx_word' id='word_1_750' title='bbox 1207 307 1279 339; x_wconf 71' lang='lat' dir='ltr'>diffi</span> <span class='ocrx_word' id='word_1_751' title='bbox 1297 308 1396 346; x_wconf 87' lang='lat' dir='ltr'>Regni</span> <span class='ocrx_word' id='word_1_752' title='bbox 1410 310 1500 340; x_wconf 87' lang='lat' dir='ltr'>nostri</span> <span class='ocrx_word' id='word_1_753' title='bbox 1515 310 1665 350; x_wconf 68' lang='lat' dir='ltr'>Hiber-nie,</span> <span class='ocrx_word' id='word_1_754' title='bbox 1683 312 1883 357; x_wconf 80' lang='lat' dir='ltr'>imperandum</span> <span class='ocrx_word' id='word_1_755' title='bbox 1903 313 1937 344; x_wconf 76' lang='grc' dir='ltr'>δε</span> <span class='ocrx_word' id='word_1_756' title='bbox 1954 313 2093 345; x_wconf 90' lang='lat' dir='ltr'>utendum</span> <span class='ocrx_word' id='word_1_757' title='bbox 2109 325 2165 355; x_wconf 91' lang='lat' dir='ltr'>pro</span> <span class='ocrx_word' id='word_1_758' title='bbox 2179 313 2235 345; x_wconf 89' lang='lat' dir='ltr'>ser—</span> 
     </span>
    </p>
   </div>
   <div class='ocr_carea' id='block_1_7' title="bbox 2261 263 2378 340">
    <p class='ocr_par' dir='ltr' id='par_1_7' title="bbox 2261 263 2378 340">
     <span class='ocr_line' id='line_1_93' title="bbox 2278 263 2371 304; baseline 0.032 -11"><span class='ocrx_word' id='word_1_759' title='bbox 2278 263 2371 304; x_wconf 78' lang='lat'><em>1639.</em></span> 
     </span>
     <span class='ocr_line' id='line_1_94' title="bbox 2261 307 2378 340; baseline 0.009 -8"><span class='ocrx_word' id='word_1_760' title='bbox 2261 307 2304 332; x_wconf 75' lang='lat' dir='ltr'>An</span> <span class='ocrx_word' id='word_1_761' title='bbox 2337 312 2378 340; x_wconf 81' lang='lat'>15.</span> 
     </span>
    </p>
   </div>
   <div class='ocr_carea' id='block_1_8' title="bbox 1158 346 2370 390">
    <p class='ocr_par' dir='ltr' id='par_1_8' title="bbox 1158 346 2370 390">
     <span class='ocr_line' id='line_1_95' title="bbox 1158 346 2370 390; baseline 0.005 -14"><span class='ocrx_word' id='word_1_762' title='bbox 1158 346 1233 376; x_wconf 87' lang='lat' dir='ltr'>virio</span> <span class='ocrx_word' id='word_1_763' title='bbox 1248 346 1347 378; x_wconf 90' lang='lat' dir='ltr'>nostro</span> <span class='ocrx_word' id='word_1_764' title='bbox 1363 349 1397 379; x_wconf 66' lang='grc' dir='ltr'>ὃς</span> <span class='ocrx_word' id='word_1_765' title='bbox 1414 349 1552 380; x_wconf 90' lang='lat' dir='ltr'>tutamine</span> <span class='ocrx_word' id='word_1_766' title='bbox 1568 350 1641 381; x_wconf 71' lang='lat' dir='ltr'>dieti</span> <span class='ocrx_word' id='word_1_767' title='bbox 1657 349 1755 388; x_wconf 83' lang='lat' dir='ltr'>Regni</span> <span class='ocrx_word' id='word_1_768' title='bbox 1769 350 1861 381; x_wconf 88' lang='lat' dir='ltr'>nostri</span> <span class='ocrx_word' id='word_1_769' title='bbox 1897 360 1984 389; x_wconf 87' lang='lat' dir='ltr'>prout</span> <span class='ocrx_word' id='word_1_770' title='bbox 2001 352 2060 390; x_wconf 87' lang='lat' dir='ltr'>ipse</span> <span class='ocrx_word' id='word_1_771' title='bbox 2073 352 2233 385; x_wconf 87' lang='lat' dir='ltr'>secundum</span> <span class='ocrx_word' id='word_1_772' title='bbox 2261 347 2327 371; x_wconf 79' lang='lat' dir='ltr'>car.</span> <span class='ocrx_word' id='word_1_773' title='bbox 2345 352 2370 370; x_wconf 87' lang='lat'>¹·</span> 
     </span>
    </p>
   </div>
   <div class='ocr_carea' id='block_1_9' title="bbox 1158 383 2245 932">
    <p class='ocr_par' dir='ltr' id='par_1_9' title="bbox 1158 383 2236 618">
     <span class='ocr_line' id='line_1_96' title="bbox 1158 383 2232 432; baseline 0.007 -18"><span class='ocrx_word' id='word_1_774' title='bbox 1158 383 1363 430; x_wconf 75' lang='lat' dir='ltr'>discretionem</span> <span class='ocrx_word' id='word_1_775' title='bbox 1378 387 1475 425; x_wconf 86' lang='lat' dir='ltr'>suam,</span> <span class='ocrx_word' id='word_1_776' title='bbox 1499 388 1532 418; x_wconf 68' lang='grc' dir='ltr'>ὃ(</span> <span class='ocrx_word' id='word_1_777' title='bbox 1546 397 1598 425; x_wconf 89' lang='lat' dir='ltr'>per</span> <span class='ocrx_word' id='word_1_778' title='bbox 1616 388 1823 420; x_wconf 87' lang='lat' dir='ltr'>avisamentum</span> <span class='ocrx_word' id='word_1_779' title='bbox 1895 390 1973 420; x_wconf 87' lang='lat' dir='ltr'>ncilii</span> <span class='ocrx_word' id='word_1_780' title='bbox 1994 390 2083 422; x_wconf 87' lang='lat' dir='ltr'>nostri</span> <span class='ocrx_word' id='word_1_781' title='bbox 2105 393 2232 432; x_wconf 85' lang='lat' dir='ltr'>ejusdem</span> 
     </span>
     <span class='ocr_line' id='line_1_97' title="bbox 1159 422 2236 491; baseline 0.01 -40"><span class='ocrx_word' id='word_1_782' title='bbox 1159 422 1258 491; x_wconf 56' lang='grc' dir='ltr'>Κεὲῃι</span> <span class='ocrx_word' id='word_1_783' title='bbox 1274 423 1364 453; x_wconf 87' lang='lat' dir='ltr'>nostri</span> <span class='ocrx_word' id='word_1_784' title='bbox 1378 425 1509 455; x_wconf 83' lang='lat' dir='ltr'>Hibernie</span> <span class='ocrx_word' id='word_1_785' title='bbox 1521 449 1530 464; x_wconf 91' lang='lat'>,</span> <span class='ocrx_word' id='word_1_786' title='bbox 1550 427 1645 458; x_wconf 90' lang='lat' dir='ltr'>visum</span> <span class='ocrx_word' id='word_1_787' title='bbox 1659 428 1731 467; x_wconf 90' lang='lat' dir='ltr'>erit,</span> <span class='ocrx_word' id='word_1_788' title='bbox 1746 427 1798 458; x_wconf 75' lang='lat' dir='ltr'>nisi</span> <span class='ocrx_word' id='word_1_789' title='bbox 1814 436 1867 458; x_wconf 91' lang='lat' dir='ltr'>nos</span> <span class='ocrx_word' id='word_1_790' title='bbox 1881 428 1992 466; x_wconf 85' lang='lat' dir='ltr'>speciali</span> <span class='ocrx_word' id='word_1_791' title='bbox 2017 428 2236 462; x_wconf 84' lang='lat' dir='ltr'>Commiffione</span> 
     </span>
     <span class='ocr_line' id='line_1_98' title="bbox 1160 463 2236 509; baseline 0.007 -18"><span class='ocrx_word' id='word_1_792' title='bbox 1160 471 1201 492; x_wconf 92' lang='lat' dir='ltr'>no</span> <span class='ocrx_word' id='word_1_793' title='bbox 1228 472 1274 499; x_wconf 87' lang='lat' dir='ltr'>ra,</span> <span class='ocrx_word' id='word_1_794' title='bbox 1291 471 1338 492; x_wconf 89' lang='lat' dir='ltr'>aut</span> <span class='ocrx_word' id='word_1_795' title='bbox 1353 463 1532 494; x_wconf 72' lang='lat' dir='ltr'>Admirallus</span> <span class='ocrx_word' id='word_1_796' title='bbox 1549 465 1648 497; x_wconf 90' lang='lat' dir='ltr'>noster</span> <span class='ocrx_word' id='word_1_797' title='bbox 1661 466 1767 504; x_wconf 83' lang='lat' dir='ltr'>Anglie</span> <span class='ocrx_word' id='word_1_798' title='bbox 1774 466 1968 498; x_wconf 89' lang='lat' dir='ltr'>Ordinatione</span> <span class='ocrx_word' id='word_1_799' title='bbox 1985 467 2236 509; x_wconf 81' lang='lat' dir='ltr'>speciali‚Guber-</span> 
     </span>
     <span class='ocr_line' id='line_1_99' title="bbox 1161 499 2236 545; baseline 0.012 -17"><span class='ocrx_word' id='word_1_800' title='bbox 1161 499 1296 545; x_wconf 34' lang='lat' dir='ltr'>nator-(²9⁴</span> <span class='ocrx_word' id='word_1_801' title='bbox 1313 504 1481 540; x_wconf 82' lang='lat' dir='ltr'>capitaneus</span> <span class='ocrx_word' id='word_1_802' title='bbox 1495 503 1688 541; x_wconf 68' lang='lat' dir='ltr'>predictarum</span> <span class='ocrx_word' id='word_1_803' title='bbox 1702 505 1836 536; x_wconf 86' lang='lat' dir='ltr'>Navium</span> <span class='ocrx_word' id='word_1_804' title='bbox 1859 505 2021 537; x_wconf 89' lang='lat' dir='ltr'>nostrarum</span> <span class='ocrx_word' id='word_1_805' title='bbox 2045 517 2092 538; x_wconf 90' lang='lat' dir='ltr'>aut</span> <span class='ocrx_word' id='word_1_806' title='bbox 2114 510 2236 541; x_wconf 82' lang='lat' dir='ltr'>aliarum</span> 
     </span>
     <span class='ocr_line' id='line_1_100' title="bbox 1161 540 2236 588; baseline 0.012 -20"><span class='ocrx_word' id='word_1_807' title='bbox 1161 548 1195 569; x_wconf 88' lang='lat' dir='ltr'>iis</span> <span class='ocrx_word' id='word_1_808' title='bbox 1214 540 1420 584; x_wconf 82' lang='lat' dir='ltr'>mittendarum</span> <span class='ocrx_word' id='word_1_809' title='bbox 1435 540 1548 585; x_wconf 84' lang='lat' dir='ltr'>speciali</span> <span class='ocrx_word' id='word_1_810' title='bbox 1558 542 1765 583; x_wconf 68' lang='lat' dir='ltr'>instructione,</span> <span class='ocrx_word' id='word_1_811' title='bbox 1785 544 1922 576; x_wconf 84' lang='lat' dir='ltr'>mandato</span> <span class='ocrx_word' id='word_1_812' title='bbox 1938 545 1972 577; x_wconf 90' lang='lat'>&amp;</span> <span class='ocrx_word' id='word_1_813' title='bbox 1984 545 2101 579; x_wconf 87' lang='lat' dir='ltr'>servitio</span> <span class='ocrx_word' id='word_1_814' title='bbox 2112 549 2236 588; x_wconf 83' lang='lat' dir='ltr'>impera-</span> 
     </span>
     <span class='ocr_line' id='line_1_101' title="bbox 1167 587 1564 618; baseline 0.003 -10"><span class='ocrx_word' id='word_1_815' title='bbox 1167 587 1295 609; x_wconf 87' lang='lat' dir='ltr'>verimus</span> <span class='ocrx_word' id='word_1_816' title='bbox 1307 587 1353 610; x_wconf 88' lang='lat' dir='ltr'>aut</span> <span class='ocrx_word' id='word_1_817' title='bbox 1369 588 1564 618; x_wconf 87' lang='lat' dir='ltr'>imperaverit.</span> 
     </span>
    </p>

    <p class='ocr_par' dir='ltr' id='par_1_10' title="bbox 1165 617 2245 932">
     <span class='ocr_line' id='line_1_102' title="bbox 1205 617 2240 666; baseline 0.008 -19"><span class='ocrx_word' id='word_1_818' title='bbox 1205 617 1419 649; x_wconf 87' lang='lat' dir='ltr'>Constituimus</span> <span class='ocrx_word' id='word_1_819' title='bbox 1438 619 1526 648; x_wconf 90' lang='lat' dir='ltr'>etiam</span> <span class='ocrx_word' id='word_1_820' title='bbox 1548 618 1691 657; x_wconf 77' lang='lat' dir='ltr'>prefatum</span> <span class='ocrx_word' id='word_1_821' title='bbox 1711 619 1844 650; x_wconf 77' lang='lat' dir='ltr'>Thomam</span> <span class='ocrx_word' id='word_1_822' title='bbox 1871 624 2001 652; x_wconf 83' lang='lat' dir='ltr'>Comitem</span> <span class='ocrx_word' id='word_1_823' title='bbox 2023 621 2056 652; x_wconf 87' lang='lat' dir='ltr'>de</span> <span class='ocrx_word' id='word_1_824' title='bbox 2081 624 2240 666; x_wconf 73' lang='lat' dir='ltr'>Strafflird,</span> 
     </span>
     <span class='ocr_line' id='line_1_103' title="bbox 1166 653 2243 697; baseline 0.01 -12"><span class='ocrx_word' id='word_1_825' title='bbox 1166 653 1404 687; x_wconf 83' lang='lat' dir='ltr'>Gubernatorem</span> <span class='ocrx_word' id='word_1_826' title='bbox 1419 656 1453 687; x_wconf 77' lang='grc' dir='ltr'>δε</span> <span class='ocrx_word' id='word_1_827' title='bbox 1466 656 1630 688; x_wconf 69' lang='grc' dir='ltr'>Ρῐεῐεᾶυῐη</span> <span class='ocrx_word' id='word_1_828' title='bbox 1645 656 1776 688; x_wconf 87' lang='lat' dir='ltr'>nostrum</span> <span class='ocrx_word' id='word_1_829' title='bbox 1789 658 1968 692; x_wconf 87' lang='lat' dir='ltr'>Generalem</span> <span class='ocrx_word' id='word_1_830' title='bbox 1986 660 2136 694; x_wconf 81' lang='lat' dir='ltr'>Exercitus</span> <span class='ocrx_word' id='word_1_831' title='bbox 2150 663 2243 697; x_wconf 86' lang='lat' dir='ltr'>nostri</span> 
     </span>
     <span class='ocr_line' id='line_1_104' title="bbox 1166 694 2243 742; baseline 0.009 -18"><span class='ocrx_word' id='word_1_832' title='bbox 1166 695 1196 738; x_wconf 83' lang='lat' dir='ltr'>in</span> <span class='ocrx_word' id='word_1_833' title='bbox 1210 695 1292 726; x_wconf 62' lang='lat' dir='ltr'>dicto</span> <span class='ocrx_word' id='word_1_834' title='bbox 1309 694 1417 734; x_wconf 84' lang='lat' dir='ltr'>Regno</span> <span class='ocrx_word' id='word_1_835' title='bbox 1431 694 1532 726; x_wconf 88' lang='lat' dir='ltr'>nostro</span> <span class='ocrx_word' id='word_1_836' title='bbox 1543 695 1676 725; x_wconf 72' lang='lat' dir='ltr'>Hiber-nie</span> <span class='ocrx_word' id='word_1_837' title='bbox 1687 705 1762 734; x_wconf 90' lang='lat' dir='ltr'>,tam</span> <span class='ocrx_word' id='word_1_838' title='bbox 1775 698 1908 736; x_wconf 87' lang='lat' dir='ltr'>presentis</span> <span class='ocrx_word' id='word_1_839' title='bbox 1919 709 2006 739; x_wconf 85' lang='lat' dir='ltr'>quam</span> <span class='ocrx_word' id='word_1_840' title='bbox 2023 699 2112 732; x_wconf 80' lang='lat' dir='ltr'>futuri</span> <span class='ocrx_word' id='word_1_841' title='bbox 2121 711 2243 742; x_wconf 86' lang='lat' dir='ltr'>,quam-</span> 
     </span>
     <span class='ocr_line' id='line_1_105' title="bbox 1166 732 2244 774; baseline 0.008 -10"><span class='ocrx_word' id='word_1_842' title='bbox 1166 732 1216 764; x_wconf 81' lang='lat' dir='ltr'>diu</span> <span class='ocrx_word' id='word_1_843' title='bbox 1234 733 1336 764; x_wconf 87' lang='lat' dir='ltr'>Nobis</span> <span class='ocrx_word' id='word_1_844' title='bbox 1351 735 1504 772; x_wconf 87' lang='lat' dir='ltr'>placuerit,</span> <span class='ocrx_word' id='word_1_845' title='bbox 1522 744 1594 765; x_wconf 92' lang='lat' dir='ltr'>cum</span> <span class='ocrx_word' id='word_1_846' title='bbox 1617 734 1846 766; x_wconf 88' lang='lat' dir='ltr'>Allocationibus</span> <span class='ocrx_word' id='word_1_847' title='bbox 1873 737 1938 769; x_wconf 91' lang='lat' dir='ltr'>inde</span> <span class='ocrx_word' id='word_1_848' title='bbox 1957 738 2059 770; x_wconf 88' lang='lat' dir='ltr'>debitis</span> <span class='ocrx_word' id='word_1_849' title='bbox 2071 741 2105 771; x_wconf 79' lang='grc' dir='ltr'>δε</span> <span class='ocrx_word' id='word_1_850' title='bbox 2121 741 2244 774; x_wconf 86' lang='lat' dir='ltr'>consue·</span> 
     </span>
     <span class='ocr_line' id='line_1_106' title="bbox 1165 771 2221 812; baseline 0.01 -11"><span class='ocrx_word' id='word_1_851' title='bbox 1165 773 1218 810; x_wconf 88' lang='lat' dir='ltr'>tis,</span> <span class='ocrx_word' id='word_1_852' title='bbox 1245 773 1280 803; x_wconf 91' lang='lat'>&amp;</span> <span class='ocrx_word' id='word_1_853' title='bbox 1302 773 1399 805; x_wconf 89' lang='lat' dir='ltr'>eidem</span> <span class='ocrx_word' id='word_1_854' title='bbox 1419 776 1520 803; x_wconf 76' lang='lat' dir='ltr'>comiti</span> <span class='ocrx_word' id='word_1_855' title='bbox 1538 771 1665 811; x_wconf 67' lang='lat' dir='ltr'>PrefeHo</span> <span class='ocrx_word' id='word_1_856' title='bbox 1687 772 1818 803; x_wconf 77' lang='lat' dir='ltr'>Generalt&#39;</span> <span class='ocrx_word' id='word_1_857' title='bbox 1838 773 1984 806; x_wconf 84' lang='lat' dir='ltr'>Exercitus</span> <span class='ocrx_word' id='word_1_858' title='bbox 2007 779 2097 809; x_wconf 85' lang='lat' dir='ltr'>nostri</span> <span class='ocrx_word' id='word_1_859' title='bbox 2112 780 2221 812; x_wconf 90' lang='lat' dir='ltr'>ibidem</span> 
     </span>
     <span class='ocr_line' id='line_1_107' title="bbox 1167 806 2244 857; baseline 0.01 -17"><span class='ocrx_word' id='word_1_860' title='bbox 1167 811 1283 848; x_wconf 87' lang='lat' dir='ltr'>plenam</span> <span class='ocrx_word' id='word_1_861' title='bbox 1299 811 1469 851; x_wconf 86' lang='lat' dir='ltr'>potestatem</span> <span class='ocrx_word' id='word_1_862' title='bbox 1485 813 1519 844; x_wconf 89' lang='lat'>&amp;</span> <span class='ocrx_word' id='word_1_863' title='bbox 1538 812 1741 843; x_wconf 81' lang='lat' dir='ltr'>authoritatem</span> <span class='ocrx_word' id='word_1_864' title='bbox 1755 813 1948 844; x_wconf 87' lang='lat' dir='ltr'>concedimus</span> <span class='ocrx_word' id='word_1_865' title='bbox 1982 806 2244 857; x_wconf 69' lang='lat' dir='ltr'>faciendi‚c0nst13</span> 
     </span>
     <span class='ocr_line' id='line_1_108' title="bbox 1167 836 2245 890; baseline 0.009 -10"><span class='ocrx_word' id='word_1_866' title='bbox 1167 850 1267 880; x_wconf 88' lang='lat' dir='ltr'>tuendi</span> <span class='ocrx_word' id='word_1_867' title='bbox 1290 852 1323 883; x_wconf 80' lang='grc' dir='ltr'>δε</span> <span class='ocrx_word' id='word_1_868' title='bbox 1343 851 1495 882; x_wconf 86' lang='lat' dir='ltr'>ordinandi</span> <span class='ocrx_word' id='word_1_869' title='bbox 1526 850 1633 889; x_wconf 87' lang='lat' dir='ltr'>Leges,</span> <span class='ocrx_word' id='word_1_870' title='bbox 1661 850 1868 882; x_wconf 86' lang='lat' dir='ltr'>Ordinationes</span> <span class='ocrx_word' id='word_1_871' title='bbox 1892 853 1926 884; x_wconf 92' lang='lat'>&amp;</span> <span class='ocrx_word' id='word_1_872' title='bbox 1950 836 2195 889; x_wconf 72' lang='lat' dir='ltr'>s’roclarnationes</span> <span class='ocrx_word' id='word_1_873' title='bbox 2207 858 2245 890; x_wconf 89' lang='lat' dir='ltr'>de</span> 
     </span>
     <span class='ocr_line' id='line_1_109' title="bbox 1168 890 2245 932; baseline 0.009 -14"><span class='ocrx_word' id='word_1_874' title='bbox 1168 896 1303 929; x_wconf 88' lang='lat' dir='ltr'>tempore</span> <span class='ocrx_word' id='word_1_875' title='bbox 1318 890 1348 919; x_wconf 89' lang='lat' dir='ltr'>in</span> <span class='ocrx_word' id='word_1_876' title='bbox 1366 899 1496 928; x_wconf 86' lang='lat' dir='ltr'>tempus,</span> <span class='ocrx_word' id='word_1_877' title='bbox 1514 898 1544 920; x_wconf 89' lang='lat' dir='ltr'>ut</span> <span class='ocrx_word' id='word_1_878' title='bbox 1558 890 1634 921; x_wconf 91' lang='lat' dir='ltr'>casus</span> <span class='ocrx_word' id='word_1_879' title='bbox 1649 891 1795 928; x_wconf 81' lang='lat' dir='ltr'>exegerit,</span> <span class='ocrx_word' id='word_1_880' title='bbox 1813 899 1866 927; x_wconf 92' lang='lat' dir='ltr'>pro</span> <span class='ocrx_word' id='word_1_881' title='bbox 1880 891 1961 921; x_wconf 91' lang='lat' dir='ltr'>bono</span> <span class='ocrx_word' id='word_1_882' title='bbox 1975 891 2135 932; x_wconf 87' lang='lat' dir='ltr'>Regimine</span> <span class='ocrx_word' id='word_1_883' title='bbox 2156 895 2245 928; x_wconf 82' lang='lat' dir='ltr'>Exer-</span> 
     </span>
    </p>
   </div>
   <div class='ocr_carea' id='block_1_10' title="bbox 1167 927 2383 1011">
    <p class='ocr_par' dir='ltr' id='par_1_11' title="bbox 1167 927 2383 1011">
     <span class='ocr_line' id='line_1_110' title="bbox 1169 927 2383 969; baseline 0.009 -13"><span class='ocrx_word' id='word_1_884' title='bbox 1169 927 1241 957; x_wconf 91' lang='lat' dir='ltr'>citus</span> <span class='ocrx_word' id='word_1_885' title='bbox 1255 927 1344 958; x_wconf 91' lang='lat' dir='ltr'>nostri</span> <span class='ocrx_word' id='word_1_886' title='bbox 1361 929 1483 966; x_wconf 71' lang='lat' dir='ltr'>prediffl</span> <span class='ocrx_word' id='word_1_887' title='bbox 1498 938 1530 958; x_wconf 92' lang='lat' dir='ltr'>ac</span> <span class='ocrx_word' id='word_1_888' title='bbox 1550 929 1570 949; x_wconf 66' lang='lat'>²*</span> <span class='ocrx_word' id='word_1_889' title='bbox 1590 930 1728 961; x_wconf 88' lang='lat' dir='ltr'>omnium</span> <span class='ocrx_word' id='word_1_890' title='bbox 1748 938 2010 969; x_wconf 84' lang='lat' dir='ltr'>quorumcunque,</span> <span class='ocrx_word' id='word_1_891' title='bbox 2035 931 2084 962; x_wconf 93' lang='lat' dir='ltr'>sub</span> <span class='ocrx_word' id='word_1_892' title='bbox 2106 935 2242 967; x_wconf 88' lang='lat' dir='ltr'>mandato</span> <span class='ocrx_word' id='word_1_893' title='bbox 2283 927 2302 947; x_wconf 67' lang='grc'><strong>”</strong></span> <span class='ocrx_word' id='word_1_894' title='bbox 2315 929 2383 959; x_wconf 65' lang='lat' dir='ltr'>XX·</span> 
     </span>
     <span class='ocr_line' id='line_1_111' title="bbox 1167 966 2329 1011; baseline 0.008 -14"><span class='ocrx_word' id='word_1_895' title='bbox 1167 967 1202 997; x_wconf 69' lang='grc' dir='ltr'>ὅ(</span> <span class='ocrx_word' id='word_1_896' title='bbox 1217 967 1424 1005; x_wconf 86' lang='lat' dir='ltr'>gubernatione</span> <span class='ocrx_word' id='word_1_897' title='bbox 1435 968 1559 1006; x_wconf 85' lang='lat' dir='ltr'>ejusdem</span> <span class='ocrx_word' id='word_1_898' title='bbox 1578 966 1704 999; x_wconf 68' lang='lat' dir='ltr'>Prefeffi</span> <span class='ocrx_word' id='word_1_899' title='bbox 1723 968 1861 1008; x_wconf 89' lang='lat' dir='ltr'>generalis</span> <span class='ocrx_word' id='word_1_900' title='bbox 1886 967 2036 1000; x_wconf 86' lang='lat' dir='ltr'>Exercitus</span> <span class='ocrx_word' id='word_1_901' title='bbox 2059 971 2167 1011; x_wconf 83' lang='lat' dir='ltr'>nostri,</span> <span class='ocrx_word' id='word_1_902' title='bbox 2186 975 2244 1005; x_wconf 84' lang='lat' dir='ltr'>eas·</span> <span class='ocrx_word' id='word_1_903' title='bbox 2262 969 2329 1005; x_wconf 80' lang='lat'>3⁶3·</span> 
     </span>
    </p>
   </div>
   <div class='ocr_carea' id='block_1_11' title="bbox 1169 1004 2263 3296">
    <p class='ocr_par' dir='ltr' id='par_1_12' title="bbox 1169 1004 2259 2083">
     <span class='ocr_line' id='line_1_112' title="bbox 1170 1004 2243 1049; baseline 0.009 -15"><span class='ocrx_word' id='word_1_904' title='bbox 1170 1004 1295 1049; x_wconf 78' lang='lat' dir='ltr'>demque</span> <span class='ocrx_word' id='word_1_905' title='bbox 1311 1006 1419 1045; x_wconf 87' lang='lat' dir='ltr'>Leges,</span> <span class='ocrx_word' id='word_1_906' title='bbox 1435 1007 1644 1038; x_wconf 90' lang='lat' dir='ltr'>Ordinationes</span> <span class='ocrx_word' id='word_1_907' title='bbox 1659 1008 1693 1039; x_wconf 91' lang='lat'>&amp;</span> <span class='ocrx_word' id='word_1_908' title='bbox 1709 1007 1954 1038; x_wconf 81' lang='lat' dir='ltr'>Proclamationes</span> <span class='ocrx_word' id='word_1_909' title='bbox 1967 1010 2127 1047; x_wconf 85' lang='lat' dir='ltr'>exequendi</span> <span class='ocrx_word' id='word_1_910' title='bbox 2143 1022 2178 1043; x_wconf 89' lang='lat' dir='ltr'>ac</span> <span class='ocrx_word' id='word_1_911' title='bbox 2191 1012 2243 1044; x_wconf 89' lang='lat' dir='ltr'>de-</span> 
     </span>
     <span class='ocr_line' id='line_1_113' title="bbox 1170 1043 2245 1085; baseline 0.008 -12"><span class='ocrx_word' id='word_1_912' title='bbox 1170 1043 1229 1075; x_wconf 86' lang='lat' dir='ltr'>bite</span> <span class='ocrx_word' id='word_1_913' title='bbox 1244 1046 1410 1076; x_wconf 85' lang='lat' dir='ltr'>executioni</span> <span class='ocrx_word' id='word_1_914' title='bbox 1427 1045 1595 1084; x_wconf 88' lang='lat' dir='ltr'>mandandi,</span> <span class='ocrx_word' id='word_1_915' title='bbox 1616 1055 1651 1076; x_wconf 90' lang='lat' dir='ltr'>ac</span> <span class='ocrx_word' id='word_1_916' title='bbox 1665 1046 1752 1077; x_wconf 89' lang='lat' dir='ltr'>etiam</span> <span class='ocrx_word' id='word_1_917' title='bbox 1775 1046 1923 1085; x_wconf 84' lang='lat' dir='ltr'>infligere,</span> <span class='ocrx_word' id='word_1_918' title='bbox 1940 1046 2105 1085; x_wconf 84' lang='lat' dir='ltr'>adjudicare</span> <span class='ocrx_word' id='word_1_919' title='bbox 2126 1049 2160 1080; x_wconf 92' lang='lat'>&amp;</span> <span class='ocrx_word' id='word_1_920' title='bbox 2180 1052 2245 1082; x_wconf 85' lang='lat' dir='ltr'>assi-</span> 
     </span>
     <span class='ocr_line' id='line_1_114' title="bbox 1169 1082 2249 1126; baseline 0.007 -14"><span class='ocrx_word' id='word_1_921' title='bbox 1169 1082 1236 1113; x_wconf 91' lang='lat' dir='ltr'>dere</span> <span class='ocrx_word' id='word_1_922' title='bbox 1252 1083 1414 1122; x_wconf 86' lang='lat' dir='ltr'>hujusmodi</span> <span class='ocrx_word' id='word_1_923' title='bbox 1429 1094 1513 1123; x_wconf 89' lang='lat' dir='ltr'>penas</span> <span class='ocrx_word' id='word_1_924' title='bbox 1527 1084 1688 1122; x_wconf 89' lang='lat' dir='ltr'>corporales</span> <span class='ocrx_word' id='word_1_925' title='bbox 1698 1107 1707 1123; x_wconf 91' lang='lat'>,</span> <span class='ocrx_word' id='word_1_926' title='bbox 1722 1085 1976 1122; x_wconf 79' lang='lat' dir='ltr'>imprisonamenta</span> <span class='ocrx_word' id='word_1_927' title='bbox 1985 1108 1995 1124; x_wconf 86' lang='lat'>,</span> <span class='ocrx_word' id='word_1_928' title='bbox 2011 1086 2097 1126; x_wconf 83' lang='lat' dir='ltr'>fines,</span> <span class='ocrx_word' id='word_1_929' title='bbox 2116 1088 2249 1121; x_wconf 85' lang='lat' dir='ltr'>forisfac-</span> 
     </span>
     <span class='ocr_line' id='line_1_115' title="bbox 1174 1124 2252 1167; baseline 0.007 -15"><span class='ocrx_word' id='word_1_930' title='bbox 1174 1129 1268 1159; x_wconf 88' lang='lat' dir='ltr'>turas,</span> <span class='ocrx_word' id='word_1_931' title='bbox 1286 1132 1320 1152; x_wconf 89' lang='lat' dir='ltr'>ac</span> <span class='ocrx_word' id='word_1_932' title='bbox 1334 1132 1439 1153; x_wconf 90' lang='lat' dir='ltr'>omnes</span> <span class='ocrx_word' id='word_1_933' title='bbox 1452 1124 1520 1154; x_wconf 90' lang='lat' dir='ltr'>alias</span> <span class='ocrx_word' id='word_1_934' title='bbox 1554 1133 1621 1154; x_wconf 89' lang='lat' dir='ltr'>enas</span> <span class='ocrx_word' id='word_1_935' title='bbox 1636 1124 1669 1154; x_wconf 91' lang='lat'>&amp;</span> <span class='ocrx_word' id='word_1_936' title='bbox 1685 1124 1847 1161; x_wconf 85' lang='lat' dir='ltr'>penalitates</span> <span class='ocrx_word' id='word_1_937' title='bbox 1861 1125 2064 1165; x_wconf 86' lang='lat' dir='ltr'>quascunque,</span> <span class='ocrx_word' id='word_1_938' title='bbox 2079 1127 2109 1157; x_wconf 88' lang='lat' dir='ltr'>in</span> <span class='ocrx_word' id='word_1_939' title='bbox 2125 1129 2159 1159; x_wconf 71' lang='grc' dir='ltr'>δε</span> <span class='ocrx_word' id='word_1_940' title='bbox 2171 1129 2252 1167; x_wconf 88' lang='lat' dir='ltr'>super</span> 
     </span>
     <span class='ocr_line' id='line_1_116' title="bbox 1173 1133 2251 1207; baseline 0.007 -17"><span class='ocrx_word' id='word_1_941' title='bbox 1173 1170 1278 1203; x_wconf 78' lang='lat' dir='ltr'>omnes</span> <span class='ocrx_word' id='word_1_942' title='bbox 1298 1159 1495 1204; x_wconf 80' lang='lat' dir='ltr'>delinquentes</span> <span class='ocrx_word' id='word_1_943' title='bbox 1520 1133 1577 1192; x_wconf 47' lang='grc' dir='ltr'>[ἂγε</span> <span class='ocrx_word' id='word_1_944' title='bbox 1601 1162 1802 1200; x_wconf 75' lang='lat' dir='ltr'>offendentes,</span> <span class='ocrx_word' id='word_1_945' title='bbox 1829 1173 1931 1194; x_wconf 87' lang='lat' dir='ltr'>contra</span> <span class='ocrx_word' id='word_1_946' title='bbox 1951 1164 2118 1201; x_wconf 89' lang='lat' dir='ltr'>huiusmodi</span> <span class='ocrx_word' id='word_1_947' title='bbox 2141 1166 2251 1207; x_wconf 87' lang='lat' dir='ltr'>Leges,</span> 
     </span>
     <span class='ocr_line' id='line_1_117' title="bbox 1173 1197 2253 1241; baseline 0.008 -14"><span class='ocrx_word' id='word_1_948' title='bbox 1173 1197 1381 1229; x_wconf 84' lang='lat' dir='ltr'>Ordinationes</span> <span class='ocrx_word' id='word_1_949' title='bbox 1396 1200 1428 1230; x_wconf 71' lang='grc' dir='ltr'>ὃ(</span> <span class='ocrx_word' id='word_1_950' title='bbox 1446 1200 1707 1239; x_wconf 90' lang='lat' dir='ltr'>Proclamationes‚</span> <span class='ocrx_word' id='word_1_951' title='bbox 1725 1202 1821 1239; x_wconf 87' lang='lat' dir='ltr'>quales</span> <span class='ocrx_word' id='word_1_952' title='bbox 1835 1202 1869 1233; x_wconf 88' lang='lat'>&amp;</span> <span class='ocrx_word' id='word_1_953' title='bbox 1886 1212 1941 1241; x_wconf 89' lang='lat' dir='ltr'>que</span> <span class='ocrx_word' id='word_1_954' title='bbox 1955 1204 2051 1234; x_wconf 85' lang='lat' dir='ltr'>eidem</span> <span class='ocrx_word' id='word_1_955' title='bbox 2073 1204 2253 1237; x_wconf 83' lang='lat' dir='ltr'>Gubernato-</span> 
     </span>
     <span class='ocr_line' id='line_1_118' title="bbox 1174 1235 2250 1280; baseline 0.008 -13"><span class='ocrx_word' id='word_1_956' title='bbox 1174 1240 1201 1280; x_wconf 57' lang='lat' dir='ltr'>rxj</span> <span class='ocrx_word' id='word_1_957' title='bbox 1213 1237 1247 1267; x_wconf 89' lang='lat'>&amp;</span> <span class='ocrx_word' id='word_1_958' title='bbox 1265 1235 1389 1273; x_wconf 66' lang='lat' dir='ltr'>Preficro</span> <span class='ocrx_word' id='word_1_959' title='bbox 1402 1238 1502 1269; x_wconf 88' lang='lat' dir='ltr'>nostro</span> <span class='ocrx_word' id='word_1_960' title='bbox 1517 1239 1658 1269; x_wconf 82' lang='lat' dir='ltr'>exercitus</span> <span class='ocrx_word' id='word_1_961' title='bbox 1674 1239 1763 1270; x_wconf 89' lang='lat' dir='ltr'>nostri</span> <span class='ocrx_word' id='word_1_962' title='bbox 1781 1242 1923 1278; x_wconf 66' lang='lat' dir='ltr'>requisitas</span> <span class='ocrx_word' id='word_1_963' title='bbox 1945 1241 1980 1272; x_wconf 89' lang='lat'>&amp;</span> <span class='ocrx_word' id='word_1_964' title='bbox 2003 1244 2166 1275; x_wconf 73' lang='lat' dir='ltr'>necessarias</span> <span class='ocrx_word' id='word_1_965' title='bbox 2186 1245 2250 1277; x_wconf 91' lang='lat' dir='ltr'>fore</span> 
     </span>
     <span class='ocr_line' id='line_1_119' title="bbox 1172 1275 2251 1323; baseline 0.008 -17"><span class='ocrx_word' id='word_1_966' title='bbox 1172 1275 1362 1306; x_wconf 86' lang='lat' dir='ltr'>videbuntur:</span> <span class='ocrx_word' id='word_1_967' title='bbox 1384 1277 1454 1315; x_wconf 91' lang='lat' dir='ltr'>Que</span> <span class='ocrx_word' id='word_1_968' title='bbox 1468 1278 1585 1314; x_wconf 85' lang='lat' dir='ltr'>omnia,</span> <span class='ocrx_word' id='word_1_969' title='bbox 1603 1277 1710 1316; x_wconf 85' lang='lat' dir='ltr'>Leges,</span> <span class='ocrx_word' id='word_1_970' title='bbox 1725 1278 1928 1311; x_wconf 90' lang='lat' dir='ltr'>Ordinationes</span> <span class='ocrx_word' id='word_1_971' title='bbox 1941 1280 1976 1311; x_wconf 91' lang='lat'>&amp;</span> <span class='ocrx_word' id='word_1_972' title='bbox 1992 1280 2251 1323; x_wconf 88' lang='lat' dir='ltr'>Proclamationes‚</span> 
     </span>
     <span class='ocr_line' id='line_1_120' title="bbox 1173 1314 2249 1357; baseline 0.009 -13"><span class='ocrx_word' id='word_1_973' title='bbox 1173 1314 1212 1345; x_wconf 82' lang='lat' dir='ltr'>fic</span> <span class='ocrx_word' id='word_1_974' title='bbox 1227 1322 1258 1344; x_wconf 88' lang='lat' dir='ltr'>ut</span> <span class='ocrx_word' id='word_1_975' title='bbox 1272 1315 1409 1353; x_wconf 84' lang='lat' dir='ltr'>prefertur</span> <span class='ocrx_word' id='word_1_976' title='bbox 1423 1315 1693 1355; x_wconf 82' lang='lat' dir='ltr'>fiendas,observari</span> <span class='ocrx_word' id='word_1_977' title='bbox 1706 1316 1842 1348; x_wconf 89' lang='lat' dir='ltr'>volumus</span> <span class='ocrx_word' id='word_1_978' title='bbox 1857 1319 1907 1348; x_wconf 88' lang='lat' dir='ltr'>sub</span> <span class='ocrx_word' id='word_1_979' title='bbox 1922 1320 2001 1357; x_wconf 88' lang='lat' dir='ltr'>penis</span> <span class='ocrx_word' id='word_1_980' title='bbox 2013 1321 2042 1350; x_wconf 91' lang='lat' dir='ltr'>in</span> <span class='ocrx_word' id='word_1_981' title='bbox 2058 1321 2164 1353; x_wconf 87' lang='lat' dir='ltr'>eisdem</span> <span class='ocrx_word' id='word_1_982' title='bbox 2173 1333 2249 1353; x_wconf 90' lang='lat' dir='ltr'>con-</span> 
     </span>
     <span class='ocr_line' id='line_1_121' title="bbox 1174 1353 2250 1393; baseline 0.007 -9"><span class='ocrx_word' id='word_1_983' title='bbox 1174 1354 1317 1393; x_wconf 78' lang='lat' dir='ltr'>tinendis3</span> <span class='ocrx_word' id='word_1_984' title='bbox 1337 1353 1374 1385; x_wconf 85' lang='lat' dir='ltr'>Et</span> <span class='ocrx_word' id='word_1_985' title='bbox 1392 1355 1417 1384; x_wconf 91' lang='lat' dir='ltr'>ei</span> <span class='ocrx_word' id='word_1_986' title='bbox 1432 1355 1535 1386; x_wconf 88' lang='lat' dir='ltr'>damus</span> <span class='ocrx_word' id='word_1_987' title='bbox 1552 1354 1722 1393; x_wconf 81' lang='lat' dir='ltr'>porestatem</span> <span class='ocrx_word' id='word_1_988' title='bbox 1739 1355 1771 1386; x_wconf 90' lang='lat'>&amp;</span> <span class='ocrx_word' id='word_1_989' title='bbox 1785 1357 1991 1388; x_wconf 87' lang='lat' dir='ltr'>authoritatem</span> <span class='ocrx_word' id='word_1_990' title='bbox 2007 1360 2104 1390; x_wconf 86' lang='lat' dir='ltr'>utendi</span> <span class='ocrx_word' id='word_1_991' title='bbox 2121 1362 2153 1392; x_wconf 72' lang='grc' dir='ltr'>δι</span> <span class='ocrx_word' id='word_1_992' title='bbox 2167 1371 2250 1392; x_wconf 83' lang='lat' dir='ltr'>exer-</span> 
     </span>
     <span class='ocr_line' id='line_1_122' title="bbox 1176 1391 2251 1438; baseline 0.008 -16"><span class='ocrx_word' id='word_1_993' title='bbox 1176 1391 1262 1436; x_wconf 78' lang='lat' dir='ltr'>cendi</span> <span class='ocrx_word' id='word_1_994' title='bbox 1285 1393 1355 1424; x_wconf 89' lang='lat' dir='ltr'>infra</span> <span class='ocrx_word' id='word_1_995' title='bbox 1379 1392 1518 1434; x_wconf 84' lang='lat' dir='ltr'>Regnum</span> <span class='ocrx_word' id='word_1_996' title='bbox 1544 1393 1674 1425; x_wconf 89' lang='lat' dir='ltr'>nostrum</span> <span class='ocrx_word' id='word_1_997' title='bbox 1697 1394 1881 1434; x_wconf 60' lang='lat' dir='ltr'>predictum,</span> <span class='ocrx_word' id='word_1_998' title='bbox 1903 1395 1923 1425; x_wconf 83' lang='lat' dir='ltr'>si</span> <span class='ocrx_word' id='word_1_999' title='bbox 1944 1405 2016 1435; x_wconf 90' lang='lat' dir='ltr'>opus</span> <span class='ocrx_word' id='word_1_1000' title='bbox 2029 1396 2134 1438; x_wconf 87' lang='lat' dir='ltr'>fuerit,</span> <span class='ocrx_word' id='word_1_1001' title='bbox 2153 1399 2251 1438; x_wconf 80' lang='lat' dir='ltr'>Leges</span> 
     </span>
     <span class='ocr_line' id='line_1_123' title="bbox 1176 1430 2247 1478; baseline 0.009 -18"><span class='ocrx_word' id='word_1_1002' title='bbox 1176 1430 1349 1463; x_wconf 81' lang='lat' dir='ltr'>Mariscallas</span> <span class='ocrx_word' id='word_1_1003' title='bbox 1363 1431 1420 1462; x_wconf 89' lang='lat' dir='ltr'>five</span> <span class='ocrx_word' id='word_1_1004' title='bbox 1437 1432 1602 1472; x_wconf 86' lang='lat' dir='ltr'>Martiales,</span> <span class='ocrx_word' id='word_1_1005' title='bbox 1622 1442 1741 1463; x_wconf 89' lang='lat' dir='ltr'>necnon</span> <span class='ocrx_word' id='word_1_1006' title='bbox 1757 1433 1944 1464; x_wconf 87' lang='lat' dir='ltr'>substituendi</span> <span class='ocrx_word' id='word_1_1007' title='bbox 1970 1435 2126 1474; x_wconf 81' lang='lat' dir='ltr'>affignandi</span> <span class='ocrx_word' id='word_1_1008' title='bbox 2144 1439 2178 1470; x_wconf 77' lang='grc' dir='ltr'>δε</span> <span class='ocrx_word' id='word_1_1009' title='bbox 2196 1436 2247 1478; x_wconf 79' lang='lat' dir='ltr'>ap-</span> 
     </span>
     <span class='ocr_line' id='line_1_124' title="bbox 1173 1470 2249 1512; baseline 0.007 -11"><span class='ocrx_word' id='word_1_1010' title='bbox 1173 1470 1353 1507; x_wconf 63' lang='lat' dir='ltr'>punctuandi</span> <span class='ocrx_word' id='word_1_1011' title='bbox 1376 1471 1427 1502; x_wconf 88' lang='lat' dir='ltr'>sub</span> <span class='ocrx_word' id='word_1_1012' title='bbox 1451 1472 1497 1509; x_wconf 83' lang='lat' dir='ltr'>se,</span> <span class='ocrx_word' id='word_1_1013' title='bbox 1524 1471 1597 1504; x_wconf 90' lang='lat' dir='ltr'>infra</span> <span class='ocrx_word' id='word_1_1014' title='bbox 1611 1472 1725 1503; x_wconf 59' lang='lat' dir='ltr'>dietum</span> <span class='ocrx_word' id='word_1_1015' title='bbox 1742 1471 1881 1512; x_wconf 83' lang='lat' dir='ltr'>Regnum</span> <span class='ocrx_word' id='word_1_1016' title='bbox 1903 1483 1943 1503; x_wconf 92' lang='lat' dir='ltr'>no</span> <span class='ocrx_word' id='word_1_1017' title='bbox 1985 1483 2053 1512; x_wconf 87' lang='lat' dir='ltr'>um,</span> <span class='ocrx_word' id='word_1_1018' title='bbox 2070 1484 2122 1512; x_wconf 91' lang='lat' dir='ltr'>per</span> <span class='ocrx_word' id='word_1_1019' title='bbox 2139 1476 2249 1508; x_wconf 83' lang='lat' dir='ltr'>Literas</span> 
     </span>
     <span class='ocr_line' id='line_1_125' title="bbox 1174 1508 2250 1553; baseline 0.008 -15"><span class='ocrx_word' id='word_1_1020' title='bbox 1174 1508 1282 1553; x_wconf 81' lang='lat' dir='ltr'>nostras</span> <span class='ocrx_word' id='word_1_1021' title='bbox 1305 1510 1457 1549; x_wconf 84' lang='lat' dir='ltr'>Patentes,</span> <span class='ocrx_word' id='word_1_1022' title='bbox 1481 1511 1535 1542; x_wconf 87' lang='lat' dir='ltr'>sub</span> <span class='ocrx_word' id='word_1_1023' title='bbox 1558 1510 1675 1548; x_wconf 86' lang='lat' dir='ltr'>Magno</span> <span class='ocrx_word' id='word_1_1024' title='bbox 1699 1510 1802 1548; x_wconf 87' lang='lat' dir='ltr'>Sigillo</span> <span class='ocrx_word' id='word_1_1025' title='bbox 1827 1510 1929 1542; x_wconf 89' lang='lat' dir='ltr'>nostro</span> <span class='ocrx_word' id='word_1_1026' title='bbox 1945 1512 2016 1544; x_wconf 71' lang='lat' dir='ltr'>dieti</span> <span class='ocrx_word' id='word_1_1027' title='bbox 2040 1514 2136 1553; x_wconf 86' lang='lat' dir='ltr'>Regni</span> <span class='ocrx_word' id='word_1_1028' title='bbox 2158 1516 2250 1547; x_wconf 86' lang='lat' dir='ltr'>nostri</span> 
     </span>
     <span class='ocr_line' id='line_1_126' title="bbox 1172 1548 2252 1588; baseline 0.008 -11"><span class='ocrx_word' id='word_1_1029' title='bbox 1172 1548 1293 1584; x_wconf 68' lang='lat' dir='ltr'>predicti</span> <span class='ocrx_word' id='word_1_1030' title='bbox 1314 1549 1472 1588; x_wconf 73' lang='lat' dir='ltr'>faciendas,</span> <span class='ocrx_word' id='word_1_1031' title='bbox 1489 1558 1532 1580; x_wconf 92' lang='lat' dir='ltr'>tot</span> <span class='ocrx_word' id='word_1_1032' title='bbox 1546 1549 1579 1580; x_wconf 91' lang='lat'>&amp;</span> <span class='ocrx_word' id='word_1_1033' title='bbox 1595 1549 1660 1580; x_wconf 87' lang='lat' dir='ltr'>tales</span> <span class='ocrx_word' id='word_1_1034' title='bbox 1676 1548 1872 1588; x_wconf 83' lang='lat' dir='ltr'>Mariscallos,</span> <span class='ocrx_word' id='word_1_1035' title='bbox 1892 1549 2117 1583; x_wconf 77' lang='lat' dir='ltr'>Commiffirios</span> <span class='ocrx_word' id='word_1_1036' title='bbox 2130 1553 2165 1584; x_wconf 89' lang='lat'>&amp;</span> <span class='ocrx_word' id='word_1_1037' title='bbox 2183 1556 2252 1586; x_wconf 84' lang='lat' dir='ltr'>alios</span> 
     </span>
     <span class='ocr_line' id='line_1_127' title="bbox 1173 1585 2254 1628; baseline 0.008 -12"><span class='ocrx_word' id='word_1_1038' title='bbox 1173 1585 1341 1618; x_wconf 87' lang='lat' dir='ltr'>Officiarios</span> <span class='ocrx_word' id='word_1_1039' title='bbox 1359 1587 1393 1618; x_wconf 91' lang='lat' dir='ltr'>ad</span> <span class='ocrx_word' id='word_1_1040' title='bbox 1411 1588 1519 1627; x_wconf 83' lang='lat' dir='ltr'>Legem</span> <span class='ocrx_word' id='word_1_1041' title='bbox 1537 1590 1716 1626; x_wconf 86' lang='lat' dir='ltr'>Armorum,</span> <span class='ocrx_word' id='word_1_1042' title='bbox 1734 1588 1779 1619; x_wconf 90' lang='lat' dir='ltr'>seu</span> <span class='ocrx_word' id='word_1_1043' title='bbox 1798 1588 1909 1628; x_wconf 86' lang='lat' dir='ltr'>Legem</span> <span class='ocrx_word' id='word_1_1044' title='bbox 1926 1588 2092 1622; x_wconf 83' lang='lat' dir='ltr'>Martialem</span> <span class='ocrx_word' id='word_1_1045' title='bbox 2115 1601 2254 1625; x_wconf 82' lang='lat' dir='ltr'>exercen-</span> 
     </span>
     <span class='ocr_line' id='line_1_128' title="bbox 1174 1625 2254 1666; baseline 0.007 -11"><span class='ocrx_word' id='word_1_1046' title='bbox 1174 1625 1204 1655; x_wconf 94' lang='lat' dir='ltr'>di</span> <span class='ocrx_word' id='word_1_1047' title='bbox 1226 1626 1260 1656; x_wconf 76' lang='grc' dir='ltr'>ὅτ</span> <span class='ocrx_word' id='word_1_1048' title='bbox 1284 1626 1461 1666; x_wconf 84' lang='lat' dir='ltr'>exequendi,</span> <span class='ocrx_word' id='word_1_1049' title='bbox 1480 1636 1565 1665; x_wconf 89' lang='lat' dir='ltr'>prout</span> <span class='ocrx_word' id='word_1_1050' title='bbox 1588 1626 1699 1665; x_wconf 80' lang='lat' dir='ltr'>presato</span> <span class='ocrx_word' id='word_1_1051' title='bbox 1720 1628 1931 1659; x_wconf 76' lang='lat' dir='ltr'>Locumtenenti</span> <span class='ocrx_word' id='word_1_1052' title='bbox 1948 1627 2051 1661; x_wconf 90' lang='lat' dir='ltr'>nostro</span> <span class='ocrx_word' id='word_1_1053' title='bbox 2066 1629 2204 1665; x_wconf 86' lang='lat' dir='ltr'>Generali</span> <span class='ocrx_word' id='word_1_1054' title='bbox 2218 1634 2254 1665; x_wconf 92' lang='lat'>&amp;</span> 
     </span>
     <span class='ocr_line' id='line_1_129' title="bbox 1175 1663 2254 1708; baseline 0.008 -15"><span class='ocrx_word' id='word_1_1055' title='bbox 1175 1663 1375 1696; x_wconf 89' lang='lat' dir='ltr'>Gubernatori</span> <span class='ocrx_word' id='word_1_1056' title='bbox 1391 1665 1491 1695; x_wconf 90' lang='lat' dir='ltr'>nostro</span> <span class='ocrx_word' id='word_1_1057' title='bbox 1506 1666 1646 1704; x_wconf 83' lang='lat' dir='ltr'>generali,</span> <span class='ocrx_word' id='word_1_1058' title='bbox 1658 1665 1694 1696; x_wconf 89' lang='lat' dir='ltr'>de</span> <span class='ocrx_word' id='word_1_1059' title='bbox 1710 1674 1843 1703; x_wconf 85' lang='lat' dir='ltr'>tempore</span> <span class='ocrx_word' id='word_1_1060' title='bbox 1857 1666 1887 1696; x_wconf 88' lang='lat' dir='ltr'>in</span> <span class='ocrx_word' id='word_1_1061' title='bbox 1898 1674 2012 1706; x_wconf 89' lang='lat' dir='ltr'>tempus</span> <span class='ocrx_word' id='word_1_1062' title='bbox 2024 1668 2157 1708; x_wconf 85' lang='lat' dir='ltr'>expedire</span> <span class='ocrx_word' id='word_1_1063' title='bbox 2169 1671 2254 1702; x_wconf 88' lang='lat' dir='ltr'>vide-</span> 
     </span>
     <span class='ocr_line' id='line_1_130' title="bbox 1174 1703 2248 1750; baseline 0.007 -18"><span class='ocrx_word' id='word_1_1064' title='bbox 1174 1703 1267 1741; x_wconf 89' lang='lat' dir='ltr'>bitur,</span> <span class='ocrx_word' id='word_1_1065' title='bbox 1284 1703 1317 1734; x_wconf 88' lang='lat' dir='ltr'>ad</span> <span class='ocrx_word' id='word_1_1066' title='bbox 1336 1703 1546 1741; x_wconf 81' lang='lat' dir='ltr'>exercendum,</span> <span class='ocrx_word' id='word_1_1067' title='bbox 1565 1704 1706 1735; x_wconf 85' lang='lat' dir='ltr'>utendum</span> <span class='ocrx_word' id='word_1_1068' title='bbox 1719 1705 1754 1735; x_wconf 93' lang='lat'>&amp;</span> <span class='ocrx_word' id='word_1_1069' title='bbox 1766 1704 1966 1743; x_wconf 88' lang='lat' dir='ltr'>exequendum</span> <span class='ocrx_word' id='word_1_1070' title='bbox 1982 1706 2123 1744; x_wconf 56' lang='lat' dir='ltr'>predicans</span> <span class='ocrx_word' id='word_1_1071' title='bbox 2139 1710 2248 1750; x_wconf 83' lang='lat' dir='ltr'>Leges,</span> 
     </span>
     <span class='ocr_line' id='line_1_131' title="bbox 1175 1740 2249 1781; baseline 0.009 -10"><span class='ocrx_word' id='word_1_1072' title='bbox 1175 1743 1288 1780; x_wconf 84' lang='lat' dir='ltr'>quoties</span> <span class='ocrx_word' id='word_1_1073' title='bbox 1301 1752 1374 1781; x_wconf 89' lang='lat' dir='ltr'>opus</span> <span class='ocrx_word' id='word_1_1074' title='bbox 1390 1741 1448 1772; x_wconf 90' lang='lat' dir='ltr'>sive</span> <span class='ocrx_word' id='word_1_1075' title='bbox 1463 1741 1575 1774; x_wconf 79' lang='lat' dir='ltr'>neceffe</span> <span class='ocrx_word' id='word_1_1076' title='bbox 1589 1742 1690 1780; x_wconf 66' lang='lat' dir='ltr'>fuerit,</span> <span class='ocrx_word' id='word_1_1077' title='bbox 1710 1740 1749 1773; x_wconf 88' lang='lat' dir='ltr'>Et</span> <span class='ocrx_word' id='word_1_1078' title='bbox 1788 1743 1833 1773; x_wconf 90' lang='lat' dir='ltr'>uia</span> <span class='ocrx_word' id='word_1_1079' title='bbox 1849 1742 1931 1774; x_wconf 87' lang='lat' dir='ltr'>valde</span> <span class='ocrx_word' id='word_1_1080' title='bbox 1946 1744 2134 1779; x_wconf 86' lang='lat' dir='ltr'>neceffarium</span> <span class='ocrx_word' id='word_1_1081' title='bbox 2148 1748 2249 1781; x_wconf 84' lang='lat' dir='ltr'>Nobis</span> 
     </span>
     <span class='ocr_line' id='line_1_132' title="bbox 1174 1779 2249 1820; baseline 0.007 -9"><span class='ocrx_word' id='word_1_1082' title='bbox 1174 1780 1302 1819; x_wconf 88' lang='lat' dir='ltr'>videtur,</span> <span class='ocrx_word' id='word_1_1083' title='bbox 1328 1790 1359 1813; x_wconf 88' lang='lat' dir='ltr'>ut</span> <span class='ocrx_word' id='word_1_1084' title='bbox 1373 1780 1498 1820; x_wconf 84' lang='lat' dir='ltr'>prefatus</span> <span class='ocrx_word' id='word_1_1085' title='bbox 1514 1784 1711 1813; x_wconf 83' lang='lat' dir='ltr'>Locumtenem·</span> <span class='ocrx_word' id='word_1_1086' title='bbox 1732 1791 1772 1812; x_wconf 87' lang='lat' dir='ltr'>no</span> <span class='ocrx_word' id='word_1_1087' title='bbox 1798 1791 1828 1813; x_wconf 88' lang='lat' dir='ltr'>er</span> <span class='ocrx_word' id='word_1_1088' title='bbox 1844 1779 1995 1814; x_wconf 81' lang='lat' dir='ltr'>Generalis</span> <span class='ocrx_word' id='word_1_1089' title='bbox 2010 1784 2044 1815; x_wconf 75' lang='grc' dir='ltr'>δε</span> <span class='ocrx_word' id='word_1_1090' title='bbox 2059 1784 2249 1819; x_wconf 87' lang='lat' dir='ltr'>Gubernator</span> 
     </span>
     <span class='ocr_line' id='line_1_133' title="bbox 1174 1819 2254 1863; baseline 0.006 -14"><span class='ocrx_word' id='word_1_1091' title='bbox 1174 1819 1271 1850; x_wconf 89' lang='lat' dir='ltr'>noster</span> <span class='ocrx_word' id='word_1_1092' title='bbox 1284 1820 1439 1859; x_wconf 86' lang='lat' dir='ltr'>generalis,</span> <span class='ocrx_word' id='word_1_1093' title='bbox 1456 1830 1510 1859; x_wconf 91' lang='lat' dir='ltr'>pro</span> <span class='ocrx_word' id='word_1_1094' title='bbox 1527 1819 1664 1860; x_wconf 81' lang='lat' dir='ltr'>Negotiis</span> <span class='ocrx_word' id='word_1_1095' title='bbox 1679 1819 1784 1852; x_wconf 87' lang='lat' dir='ltr'>nostris</span> <span class='ocrx_word' id='word_1_1096' title='bbox 1800 1822 1898 1860; x_wconf 84' lang='lat' dir='ltr'>magni</span> <span class='ocrx_word' id='word_1_1097' title='bbox 1915 1824 2076 1862; x_wconf 90' lang='lat' dir='ltr'>momenti,</span> <span class='ocrx_word' id='word_1_1098' title='bbox 2102 1826 2254 1863; x_wconf 79' lang='lat' dir='ltr'>personam</span> 
     </span>
     <span class='ocr_line' id='line_1_134' title="bbox 1175 1857 2259 1905; baseline 0.008 -17"><span class='ocrx_word' id='word_1_1099' title='bbox 1175 1857 1304 1889; x_wconf 88' lang='lat' dir='ltr'>nostram</span> <span class='ocrx_word' id='word_1_1100' title='bbox 1321 1857 1446 1898; x_wconf 86' lang='lat' dir='ltr'>Regiam</span> <span class='ocrx_word' id='word_1_1101' title='bbox 1463 1860 1492 1890; x_wconf 89' lang='lat' dir='ltr'>in</span> <span class='ocrx_word' id='word_1_1102' title='bbox 1507 1858 1625 1897; x_wconf 75' lang='lat' dir='ltr'>propria</span> <span class='ocrx_word' id='word_1_1103' title='bbox 1639 1858 1760 1898; x_wconf 69' lang='lat' dir='ltr'>persona</span> <span class='ocrx_word' id='word_1_1104' title='bbox 1773 1858 1839 1898; x_wconf 62' lang='lat' dir='ltr'>suti,</span> <span class='ocrx_word' id='word_1_1105' title='bbox 1858 1860 1929 1891; x_wconf 89' lang='lat' dir='ltr'>sicut</span> <span class='ocrx_word' id='word_1_1106' title='bbox 1938 1859 2040 1893; x_wconf 88' lang='lat' dir='ltr'>Nobis</span> <span class='ocrx_word' id='word_1_1107' title='bbox 2055 1862 2148 1895; x_wconf 89' lang='lat' dir='ltr'>visum</span> <span class='ocrx_word' id='word_1_1108' title='bbox 2160 1865 2259 1905; x_wconf 86' lang='lat' dir='ltr'>fuerit,</span> 
     </span>
     <span class='ocr_line' id='line_1_135' title="bbox 1176 1896 2257 1938; baseline 0.007 -11"><span class='ocrx_word' id='word_1_1109' title='bbox 1176 1897 1315 1928; x_wconf 88' lang='lat' dir='ltr'>attendat·</span> <span class='ocrx_word' id='word_1_1110' title='bbox 1333 1896 1404 1929; x_wconf 87' lang='lat' dir='ltr'>Ideo</span> <span class='ocrx_word' id='word_1_1111' title='bbox 1420 1897 1533 1929; x_wconf 87' lang='lat' dir='ltr'>ulterius</span> <span class='ocrx_word' id='word_1_1112' title='bbox 1547 1898 1650 1930; x_wconf 80' lang='lat' dir='ltr'>damus</span> <span class='ocrx_word' id='word_1_1113' title='bbox 1664 1908 1712 1936; x_wconf 89' lang='lat' dir='ltr'>per</span> <span class='ocrx_word' id='word_1_1114' title='bbox 1727 1898 1866 1938; x_wconf 85' lang='lat' dir='ltr'>presentes</span> <span class='ocrx_word' id='word_1_1115' title='bbox 1879 1899 2011 1937; x_wconf 69' lang='lat' dir='ltr'>predicto</span> <span class='ocrx_word' id='word_1_1116' title='bbox 2035 1900 2136 1933; x_wconf 85' lang='lat' dir='ltr'>Thome</span> <span class='ocrx_word' id='word_1_1117' title='bbox 2157 1907 2257 1936; x_wconf 72' lang='lat' dir='ltr'>Comitn&#39;</span> 
     </span>
     <span class='ocr_line' id='line_1_136' title="bbox 1178 1920 2256 1981; baseline 0.007 -15"><span class='ocrx_word' id='word_1_1118' title='bbox 1178 1936 1212 1967; x_wconf 87' lang='lat' dir='ltr'>de</span> <span class='ocrx_word' id='word_1_1119' title='bbox 1226 1920 1369 1976; x_wconf 66' lang='lat' dir='ltr'>Straffbrd</span> <span class='ocrx_word' id='word_1_1120' title='bbox 1385 1936 1610 1969; x_wconf 89' lang='lat' dir='ltr'>Locumtenenti</span> <span class='ocrx_word' id='word_1_1121' title='bbox 1634 1937 1667 1969; x_wconf 90' lang='lat'>&amp;</span> <span class='ocrx_word' id='word_1_1122' title='bbox 1693 1936 1891 1969; x_wconf 90' lang='lat' dir='ltr'>Gubernatori</span> <span class='ocrx_word' id='word_1_1123' title='bbox 1916 1937 2018 1970; x_wconf 88' lang='lat' dir='ltr'>nostro</span> <span class='ocrx_word' id='word_1_1124' title='bbox 2040 1942 2164 1980; x_wconf 86' lang='lat' dir='ltr'>generali</span> <span class='ocrx_word' id='word_1_1125' title='bbox 2193 1943 2256 1981; x_wconf 82' lang='lat' dir='ltr'>ple·</span> 
     </span>
     <span class='ocr_line' id='line_1_137' title="bbox 1180 1975 2256 2014; baseline 0.008 -9"><span class='ocrx_word' id='word_1_1126' title='bbox 1180 1984 1249 2006; x_wconf 87' lang='lat' dir='ltr'>narn</span> <span class='ocrx_word' id='word_1_1127' title='bbox 1266 1975 1438 2012; x_wconf 87' lang='lat' dir='ltr'>potestatem</span> <span class='ocrx_word' id='word_1_1128' title='bbox 1451 1977 1485 2008; x_wconf 91' lang='lat'>&amp;</span> <span class='ocrx_word' id='word_1_1129' title='bbox 1501 1976 1704 2009; x_wconf 87' lang='lat' dir='ltr'>authoritatem</span> <span class='ocrx_word' id='word_1_1130' title='bbox 1720 1977 1930 2014; x_wconf 79' lang='lat' dir='ltr'>concedimus,</span> <span class='ocrx_word' id='word_1_1131' title='bbox 1948 1979 2122 2011; x_wconf 87' lang='lat' dir='ltr'>nominandi</span> <span class='ocrx_word' id='word_1_1132' title='bbox 2144 1983 2178 2013; x_wconf 72' lang='grc' dir='ltr'>δε</span> <span class='ocrx_word' id='word_1_1133' title='bbox 2191 1982 2256 2013; x_wconf 84' lang='lat' dir='ltr'>ass-</span> 
     </span>
     <span class='ocr_line' id='line_1_138' title="bbox 1175 2013 2255 2083; baseline 0.007 -40"><span class='ocrx_word' id='word_1_1134' title='bbox 1175 2014 1281 2083; x_wconf 52' lang='lat' dir='ltr'>{nandi</span> <span class='ocrx_word' id='word_1_1135' title='bbox 1298 2024 1348 2055; x_wconf 92' lang='lat' dir='ltr'>per</span> <span class='ocrx_word' id='word_1_1136' title='bbox 1369 2014 1475 2047; x_wconf 86' lang='lat' dir='ltr'>Literas</span> <span class='ocrx_word' id='word_1_1137' title='bbox 1489 2014 1596 2047; x_wconf 88' lang='lat' dir='ltr'>nostras</span> <span class='ocrx_word' id='word_1_1138' title='bbox 1609 2013 1742 2047; x_wconf 89' lang='lat' dir='ltr'>Patentes</span> <span class='ocrx_word' id='word_1_1139' title='bbox 1761 2014 1812 2046; x_wconf 88' lang='lat' dir='ltr'>sub</span> <span class='ocrx_word' id='word_1_1140' title='bbox 1828 2014 1944 2055; x_wconf 72' lang='lat' dir='ltr'>Magno</span> <span class='ocrx_word' id='word_1_1141' title='bbox 1956 2016 2056 2055; x_wconf 84' lang='lat' dir='ltr'>Sigillo</span> <span class='ocrx_word' id='word_1_1142' title='bbox 2072 2018 2171 2050; x_wconf 88' lang='lat' dir='ltr'>nostro</span> <span class='ocrx_word' id='word_1_1143' title='bbox 2179 2020 2255 2054; x_wconf 64' lang='lat' dir='ltr'>dicti</span> 
     </span>
    </p>

    <p class='ocr_par' dir='ltr' id='par_1_13' title="bbox 1174 2052 2259 2823">
     <span class='ocr_line' id='line_1_139' title="bbox 1209 2052 2256 2095; baseline 0.008 -12"><span class='ocrx_word' id='word_1_1144' title='bbox 1209 2054 1277 2093; x_wconf 88' lang='lat' dir='ltr'>egni</span> <span class='ocrx_word' id='word_1_1145' title='bbox 1293 2052 1384 2084; x_wconf 88' lang='lat' dir='ltr'>nostri</span> <span class='ocrx_word' id='word_1_1146' title='bbox 1401 2053 1552 2093; x_wconf 81' lang='lat' dir='ltr'>Hibernie,</span> <span class='ocrx_word' id='word_1_1147' title='bbox 1570 2054 1694 2085; x_wconf 91' lang='lat' dir='ltr'>nomine</span> <span class='ocrx_word' id='word_1_1148' title='bbox 1706 2052 1827 2093; x_wconf 87' lang='lat' dir='ltr'>nostro,</span> <span class='ocrx_word' id='word_1_1149' title='bbox 1844 2063 1904 2086; x_wconf 88' lang='lat' dir='ltr'>tam</span> <span class='ocrx_word' id='word_1_1150' title='bbox 1917 2065 1996 2088; x_wconf 88' lang='lat' dir='ltr'>nunc</span> <span class='ocrx_word' id='word_1_1151' title='bbox 2010 2067 2099 2095; x_wconf 86' lang='lat' dir='ltr'>quam</span> <span class='ocrx_word' id='word_1_1152' title='bbox 2117 2057 2155 2090; x_wconf 89' lang='lat' dir='ltr'>de</span> <span class='ocrx_word' id='word_1_1153' title='bbox 2179 2068 2256 2091; x_wconf 86' lang='lat' dir='ltr'>tem-</span> 
     </span>
     <span class='ocr_line' id='line_1_140' title="bbox 1176 2092 2257 2134; baseline 0.006 -12"><span class='ocrx_word' id='word_1_1154' title='bbox 1176 2102 1247 2130; x_wconf 88' lang='lat' dir='ltr'>pore</span> <span class='ocrx_word' id='word_1_1155' title='bbox 1265 2093 1293 2122; x_wconf 91' lang='lat' dir='ltr'>in</span> <span class='ocrx_word' id='word_1_1156' title='bbox 1309 2100 1420 2130; x_wconf 87' lang='lat' dir='ltr'>tempus</span> <span class='ocrx_word' id='word_1_1157' title='bbox 1435 2092 1627 2130; x_wconf 88' lang='lat' dir='ltr'>imposterum</span> <span class='ocrx_word' id='word_1_1158' title='bbox 1640 2092 1836 2132; x_wconf 86' lang='lat' dir='ltr'>conficiendi,</span> <span class='ocrx_word' id='word_1_1159' title='bbox 1863 2103 2070 2134; x_wconf 89' lang='lat' dir='ltr'>quemcunque</span> <span class='ocrx_word' id='word_1_1160' title='bbox 2089 2097 2182 2128; x_wconf 75' lang='lat' dir='ltr'>dietus</span> <span class='ocrx_word' id='word_1_1161' title='bbox 2195 2100 2257 2128; x_wconf 85' lang='lat' dir='ltr'>Lo-</span> 
     </span>
     <span class='ocr_line' id='line_1_141' title="bbox 1175 2130 2256 2179; baseline 0.007 -19"><span class='ocrx_word' id='word_1_1162' title='bbox 1175 2137 1332 2161; x_wconf 80' lang='lat' dir='ltr'>cumtenens</span> <span class='ocrx_word' id='word_1_1163' title='bbox 1350 2131 1384 2162; x_wconf 67' lang='grc' dir='ltr'>ὃς</span> <span class='ocrx_word' id='word_1_1164' title='bbox 1410 2130 1598 2163; x_wconf 87' lang='lat' dir='ltr'>Gubernator</span> <span class='ocrx_word' id='word_1_1165' title='bbox 1619 2131 1716 2164; x_wconf 86' lang='lat' dir='ltr'>noster</span> <span class='ocrx_word' id='word_1_1166' title='bbox 1731 2132 1869 2173; x_wconf 83' lang='lat' dir='ltr'>generalis</span> <span class='ocrx_word' id='word_1_1167' title='bbox 1890 2133 1922 2164; x_wconf 88' lang='lat' dir='ltr'>in</span> <span class='ocrx_word' id='word_1_1168' title='bbox 1937 2133 1994 2166; x_wconf 84' lang='lat' dir='ltr'>hac</span> <span class='ocrx_word' id='word_1_1169' title='bbox 2014 2143 2098 2179; x_wconf 88' lang='lat' dir='ltr'>parte</span> <span class='ocrx_word' id='word_1_1170' title='bbox 2113 2136 2256 2169; x_wconf 72' lang='lat' dir='ltr'>idoneum</span> 
     </span>
     <span class='ocr_line' id='line_1_142' title="bbox 1175 2168 2258 2214; baseline 0.006 -13"><span class='ocrx_word' id='word_1_1171' title='bbox 1175 2169 1286 2201; x_wconf 87' lang='lat' dir='ltr'>duxerit</span> <span class='ocrx_word' id='word_1_1172' title='bbox 1297 2193 1308 2210; x_wconf 90' lang='lat'>,</span> <span class='ocrx_word' id='word_1_1173' title='bbox 1326 2168 1387 2201; x_wconf 91' lang='lat' dir='ltr'>fore</span> <span class='ocrx_word' id='word_1_1174' title='bbox 1402 2172 1575 2208; x_wconf 82' lang='lat' dir='ltr'>Deputatum</span> <span class='ocrx_word' id='word_1_1175' title='bbox 1587 2169 1704 2210; x_wconf 77' lang='lat' dir='ltr'>nostrum</span> <span class='ocrx_word' id='word_1_1176' title='bbox 1715 2193 1724 2208; x_wconf 87' lang='lat'>‚</span> <span class='ocrx_word' id='word_1_1177' title='bbox 1741 2171 1857 2203; x_wconf 87' lang='lat' dir='ltr'>durante</span> <span class='ocrx_word' id='word_1_1178' title='bbox 1871 2172 2054 2211; x_wconf 86' lang='lat' dir='ltr'>beneplacito</span> <span class='ocrx_word' id='word_1_1179' title='bbox 2067 2174 2188 2214; x_wconf 88' lang='lat' dir='ltr'>nostro,</span> <span class='ocrx_word' id='word_1_1180' title='bbox 2202 2185 2258 2214; x_wconf 79' lang='lat' dir='ltr'>pro</span> 
     </span>
     <span class='ocr_line' id='line_1_143' title="bbox 1175 2209 2258 2253; baseline 0.006 -13"><span class='ocrx_word' id='word_1_1181' title='bbox 1175 2209 1385 2249; x_wconf 85' lang='lat' dir='ltr'>gubernatione</span> <span class='ocrx_word' id='word_1_1182' title='bbox 1409 2209 1481 2240; x_wconf 75' lang='lat' dir='ltr'>dieti</span> <span class='ocrx_word' id='word_1_1183' title='bbox 1505 2209 1603 2249; x_wconf 85' lang='lat' dir='ltr'>Regni</span> <span class='ocrx_word' id='word_1_1184' title='bbox 1625 2209 1717 2241; x_wconf 88' lang='lat' dir='ltr'>nostri</span> <span class='ocrx_word' id='word_1_1185' title='bbox 1734 2210 1873 2242; x_wconf 81' lang='lat' dir='ltr'>Hibernie</span> <span class='ocrx_word' id='word_1_1186' title='bbox 1888 2212 1917 2242; x_wconf 91' lang='lat' dir='ltr'>in</span> <span class='ocrx_word' id='word_1_1187' title='bbox 1931 2213 2055 2244; x_wconf 84' lang='lat' dir='ltr'>absentia</span> <span class='ocrx_word' id='word_1_1188' title='bbox 2077 2213 2141 2253; x_wconf 84' lang='lat' dir='ltr'>sua,</span> <span class='ocrx_word' id='word_1_1189' title='bbox 2159 2216 2258 2247; x_wconf 82' lang='lat' dir='ltr'>donec</span> 
     </span>
     <span class='ocr_line' id='line_1_144' title="bbox 1174 2248 2256 2290; baseline 0.006 -12"><span class='ocrx_word' id='word_1_1190' title='bbox 1174 2248 1254 2279; x_wconf 86' lang='lat' dir='ltr'>idem</span> <span class='ocrx_word' id='word_1_1191' title='bbox 1273 2250 1473 2279; x_wconf 81' lang='lat' dir='ltr'>Locumtenens</span> <span class='ocrx_word' id='word_1_1192' title='bbox 1489 2249 1523 2280; x_wconf 86' lang='lat'>&amp;</span> <span class='ocrx_word' id='word_1_1193' title='bbox 1541 2249 1716 2279; x_wconf 82' lang='lat' dir='ltr'>Gubernator</span> <span class='ocrx_word' id='word_1_1194' title='bbox 1728 2249 1869 2287; x_wconf 69' lang='lat' dir='ltr'>generalis</span> <span class='ocrx_word' id='word_1_1195' title='bbox 1886 2249 1989 2290; x_wconf 77' lang='lat' dir='ltr'>noster,</span> <span class='ocrx_word' id='word_1_1196' title='bbox 2008 2253 2038 2282; x_wconf 88' lang='lat' dir='ltr'>in</span> <span class='ocrx_word' id='word_1_1197' title='bbox 2056 2252 2170 2284; x_wconf 59' lang='lat' dir='ltr'>diditum</span> <span class='ocrx_word' id='word_1_1198' title='bbox 2191 2252 2256 2285; x_wconf 85' lang='lat' dir='ltr'>Re-</span> 
     </span>
     <span class='ocr_line' id='line_1_145' title="bbox 1175 2286 2251 2328; baseline 0.006 -11"><span class='ocrx_word' id='word_1_1199' title='bbox 1175 2296 1267 2328; x_wconf 86' lang='lat' dir='ltr'>gnum</span> <span class='ocrx_word' id='word_1_1200' title='bbox 1286 2286 1420 2318; x_wconf 78' lang='lat' dir='ltr'>Hibernie</span> <span class='ocrx_word' id='word_1_1201' title='bbox 1438 2297 1491 2326; x_wconf 86' lang='lat' dir='ltr'>pro</span> <span class='ocrx_word' id='word_1_1202' title='bbox 1503 2287 1699 2326; x_wconf 79' lang='lat' dir='ltr'>gubernatione</span> <span class='ocrx_word' id='word_1_1203' title='bbox 1723 2288 1868 2326; x_wconf 86' lang='lat' dir='ltr'>ejusdem,</span> <span class='ocrx_word' id='word_1_1204' title='bbox 1894 2299 1926 2320; x_wconf 91' lang='lat' dir='ltr'>ut</span> <span class='ocrx_word' id='word_1_1205' title='bbox 1945 2289 2100 2328; x_wconf 86' lang='lat' dir='ltr'>prefertur,</span> <span class='ocrx_word' id='word_1_1206' title='bbox 2121 2291 2251 2324; x_wconf 83' lang='lat' dir='ltr'>redierit:</span> 
     </span>
     <span class='ocr_line' id='line_1_146' title="bbox 1176 2326 2252 2369; baseline 0.005 -13"><span class='ocrx_word' id='word_1_1207' title='bbox 1176 2326 1306 2356; x_wconf 89' lang='lat' dir='ltr'>volentes</span> <span class='ocrx_word' id='word_1_1208' title='bbox 1323 2335 1440 2363; x_wconf 85' lang='lat' dir='ltr'>tamen,</span> <span class='ocrx_word' id='word_1_1209' title='bbox 1457 2326 1536 2364; x_wconf 85' lang='lat' dir='ltr'>quod</span> <span class='ocrx_word' id='word_1_1210' title='bbox 1555 2327 1584 2357; x_wconf 91' lang='lat' dir='ltr'>in</span> <span class='ocrx_word' id='word_1_1211' title='bbox 1603 2327 1711 2359; x_wconf 88' lang='lat' dir='ltr'>eisdem</span> <span class='ocrx_word' id='word_1_1212' title='bbox 1730 2327 1836 2359; x_wconf 86' lang='lat' dir='ltr'>Literis</span> <span class='ocrx_word' id='word_1_1213' title='bbox 1855 2328 2112 2361; x_wconf 74' lang='lat' dir='ltr'>patentibus-alicui</span> <span class='ocrx_word' id='word_1_1214' title='bbox 2130 2331 2178 2361; x_wconf 89' lang='lat' dir='ltr'>tali</span> <span class='ocrx_word' id='word_1_1215' title='bbox 2186 2340 2252 2369; x_wconf 84' lang='lat' dir='ltr'>per·</span> 
     </span>
     <span class='ocr_line' id='line_1_147' title="bbox 1180 2365 2258 2404; baseline 0.006 -9"><span class='ocrx_word' id='word_1_1216' title='bbox 1180 2366 1248 2395; x_wconf 90' lang='lat' dir='ltr'>sone</span> <span class='ocrx_word' id='word_1_1217' title='bbox 1267 2365 1304 2396; x_wconf 90' lang='lat' dir='ltr'>sic</span> <span class='ocrx_word' id='word_1_1218' title='bbox 1323 2373 1355 2396; x_wconf 87' lang='lat' dir='ltr'>ut</span> <span class='ocrx_word' id='word_1_1219' title='bbox 1372 2365 1510 2403; x_wconf 85' lang='lat' dir='ltr'>prefertur</span> <span class='ocrx_word' id='word_1_1220' title='bbox 1528 2365 1644 2404; x_wconf 85' lang='lat' dir='ltr'>fiendis,</span> <span class='ocrx_word' id='word_1_1221' title='bbox 1663 2365 1844 2403; x_wconf 80' lang='lat' dir='ltr'>Deputatum</span> <span class='ocrx_word' id='word_1_1222' title='bbox 1863 2367 1893 2398; x_wconf 91' lang='lat' dir='ltr'>in</span> <span class='ocrx_word' id='word_1_1223' title='bbox 1919 2367 2044 2400; x_wconf 64' lang='lat' dir='ltr'>abstentia</span> <span class='ocrx_word' id='word_1_1224' title='bbox 2070 2368 2116 2399; x_wconf 68' lang='lat' dir='ltr'>sua</span> <span class='ocrx_word' id='word_1_1225' title='bbox 2142 2378 2258 2402; x_wconf 84' lang='lat' dir='ltr'>tantum</span> 
     </span>
     <span class='ocr_line' id='line_1_148' title="bbox 1181 2403 2256 2445; baseline 0.007 -12"><span class='ocrx_word' id='word_1_1226' title='bbox 1181 2403 1327 2442; x_wconf 90' lang='lat' dir='ltr'>provisum</span> <span class='ocrx_word' id='word_1_1227' title='bbox 1347 2405 1381 2435; x_wconf 92' lang='lat'>&amp;</span> <span class='ocrx_word' id='word_1_1228' title='bbox 1400 2405 1523 2435; x_wconf 91' lang='lat' dir='ltr'>nomine</span> <span class='ocrx_word' id='word_1_1229' title='bbox 1543 2404 1643 2435; x_wconf 87' lang='lat' dir='ltr'>nostro</span> <span class='ocrx_word' id='word_1_1230' title='bbox 1662 2405 1831 2436; x_wconf 87' lang='lat' dir='ltr'>mandatum</span> <span class='ocrx_word' id='word_1_1231' title='bbox 1850 2404 1895 2443; x_wconf 88' lang='lat' dir='ltr'>sit,</span> <span class='ocrx_word' id='word_1_1232' title='bbox 1914 2405 1992 2445; x_wconf 91' lang='lat' dir='ltr'>quod</span> <span class='ocrx_word' id='word_1_1233' title='bbox 2009 2417 2068 2438; x_wconf 88' lang='lat' dir='ltr'>non</span> <span class='ocrx_word' id='word_1_1234' title='bbox 2085 2408 2185 2440; x_wconf 89' lang='lat' dir='ltr'>licebit</span> <span class='ocrx_word' id='word_1_1235' title='bbox 2203 2409 2256 2440; x_wconf 85' lang='lat' dir='ltr'>ali-</span> 
     </span>
     <span class='ocr_line' id='line_1_149' title="bbox 1182 2442 2258 2486; baseline 0.007 -13"><span class='ocrx_word' id='word_1_1236' title='bbox 1182 2443 1230 2473; x_wconf 91' lang='lat' dir='ltr'>cui</span> <span class='ocrx_word' id='word_1_1237' title='bbox 1256 2443 1303 2474; x_wconf 85' lang='lat' dir='ltr'>tali</span> <span class='ocrx_word' id='word_1_1238' title='bbox 1330 2442 1500 2480; x_wconf 84' lang='lat' dir='ltr'>Deputato,</span> <span class='ocrx_word' id='word_1_1239' title='bbox 1523 2443 1705 2476; x_wconf 86' lang='lat' dir='ltr'>Thesaurum</span> <span class='ocrx_word' id='word_1_1240' title='bbox 1728 2444 1775 2475; x_wconf 89' lang='lat' dir='ltr'>seu</span> <span class='ocrx_word' id='word_1_1241' title='bbox 1799 2443 1940 2476; x_wconf 88' lang='lat' dir='ltr'>Pecunias</span> <span class='ocrx_word' id='word_1_1242' title='bbox 1965 2445 2074 2477; x_wconf 86' lang='lat' dir='ltr'>nostras</span> <span class='ocrx_word' id='word_1_1243' title='bbox 2095 2447 2258 2486; x_wconf 84' lang='lat' dir='ltr'>cuicunque</span> 
     </span>
     <span class='ocr_line' id='line_1_150' title="bbox 1181 2481 2252 2523; baseline 0.006 -12"><span class='ocrx_word' id='word_1_1244' title='bbox 1181 2481 1289 2512; x_wconf 90' lang='lat' dir='ltr'>solvere</span> <span class='ocrx_word' id='word_1_1245' title='bbox 1307 2481 1351 2512; x_wconf 87' lang='lat' dir='ltr'>vel</span> <span class='ocrx_word' id='word_1_1246' title='bbox 1370 2483 1684 2521; x_wconf 81' lang='lat' dir='ltr'>erogarc‚authoritate</span> <span class='ocrx_word' id='word_1_1247' title='bbox 1702 2482 1749 2514; x_wconf 90' lang='lat' dir='ltr'>seu</span> <span class='ocrx_word' id='word_1_1248' title='bbox 1768 2492 1910 2514; x_wconf 79' lang='lat' dir='ltr'>warranto</span> <span class='ocrx_word' id='word_1_1249' title='bbox 1929 2485 2012 2523; x_wconf 85' lang='lat' dir='ltr'>ipsius</span> <span class='ocrx_word' id='word_1_1250' title='bbox 2030 2484 2171 2523; x_wconf 85' lang='lat' dir='ltr'>Deputati</span> <span class='ocrx_word' id='word_1_1251' title='bbox 2189 2495 2252 2518; x_wconf 89' lang='lat' dir='ltr'>tan—</span> 
     </span>
     <span class='ocr_line' id='line_1_151' title="bbox 1181 2520 2258 2563; baseline 0.005 -12"><span class='ocrx_word' id='word_1_1252' title='bbox 1181 2529 1262 2557; x_wconf 75' lang='lat' dir='ltr'>tum,</span> <span class='ocrx_word' id='word_1_1253' title='bbox 1280 2520 1327 2552; x_wconf 87' lang='lat' dir='ltr'>sed</span> <span class='ocrx_word' id='word_1_1254' title='bbox 1347 2520 1426 2559; x_wconf 88' lang='lat' dir='ltr'>quod</span> <span class='ocrx_word' id='word_1_1255' title='bbox 1445 2522 1546 2552; x_wconf 91' lang='lat' dir='ltr'>omnia</span> <span class='ocrx_word' id='word_1_1256' title='bbox 1566 2523 1599 2553; x_wconf 75' lang='grc' dir='ltr'>ὅ(</span> <span class='ocrx_word' id='word_1_1257' title='bbox 1618 2522 1791 2552; x_wconf 86' lang='lat' dir='ltr'>omnimoda</span> <span class='ocrx_word' id='word_1_1258' title='bbox 1811 2521 1954 2555; x_wconf 86' lang='lat' dir='ltr'>Mandata</span> <span class='ocrx_word' id='word_1_1259' title='bbox 1969 2523 2003 2555; x_wconf 88' lang='lat'>&amp;</span> <span class='ocrx_word' id='word_1_1260' title='bbox 2025 2523 2258 2563; x_wconf 85' lang='lat' dir='ltr'>Warranta‚pro</span> 
     </span>
     <span class='ocr_line' id='line_1_152' title="bbox 1181 2559 2259 2603; baseline 0.005 -13"><span class='ocrx_word' id='word_1_1261' title='bbox 1181 2559 1332 2590; x_wconf 88' lang='lat' dir='ltr'>Thesauro</span> <span class='ocrx_word' id='word_1_1262' title='bbox 1350 2562 1383 2592; x_wconf 89' lang='lat'>&amp;</span> <span class='ocrx_word' id='word_1_1263' title='bbox 1403 2559 1536 2591; x_wconf 86' lang='lat' dir='ltr'>Pecuniis</span> <span class='ocrx_word' id='word_1_1264' title='bbox 1555 2559 1656 2591; x_wconf 87' lang='lat' dir='ltr'>nostris</span> <span class='ocrx_word' id='word_1_1265' title='bbox 1674 2570 1724 2598; x_wconf 85' lang='lat' dir='ltr'>per</span> <span class='ocrx_word' id='word_1_1266' title='bbox 1741 2561 1833 2599; x_wconf 88' lang='lat' dir='ltr'>ipsum</span> <span class='ocrx_word' id='word_1_1267' title='bbox 1853 2560 2012 2601; x_wconf 87' lang='lat' dir='ltr'>solvendis,</span> <span class='ocrx_word' id='word_1_1268' title='bbox 2030 2561 2099 2594; x_wconf 85' lang='lat' dir='ltr'>fient</span> <span class='ocrx_word' id='word_1_1269' title='bbox 2116 2564 2149 2595; x_wconf 90' lang='lat'>&amp;</span> <span class='ocrx_word' id='word_1_1270' title='bbox 2167 2563 2259 2603; x_wconf 74' lang='lat' dir='ltr'>signa-</span> 
     </span>
     <span class='ocr_line' id='line_1_153' title="bbox 1182 2598 2258 2641; baseline 0.005 -12"><span class='ocrx_word' id='word_1_1271' title='bbox 1182 2598 1305 2636; x_wconf 78' lang='lat' dir='ltr'>buntur,</span> <span class='ocrx_word' id='word_1_1272' title='bbox 1332 2608 1394 2629; x_wconf 91' lang='lat' dir='ltr'>non</span> <span class='ocrx_word' id='word_1_1273' title='bbox 1418 2598 1511 2630; x_wconf 88' lang='lat' dir='ltr'>solum</span> <span class='ocrx_word' id='word_1_1274' title='bbox 1537 2607 1624 2630; x_wconf 86' lang='lat' dir='ltr'>manu</span> <span class='ocrx_word' id='word_1_1275' title='bbox 1648 2600 1762 2638; x_wconf 87' lang='lat' dir='ltr'>propria</span> <span class='ocrx_word' id='word_1_1276' title='bbox 1790 2599 1890 2638; x_wconf 78' lang='lat' dir='ltr'>prefati</span> <span class='ocrx_word' id='word_1_1277' title='bbox 1915 2600 2057 2641; x_wconf 88' lang='lat' dir='ltr'>Deputati</span> <span class='ocrx_word' id='word_1_1278' title='bbox 2100 2601 2148 2633; x_wconf 91' lang='lat' dir='ltr'>sed</span> <span class='ocrx_word' id='word_1_1279' title='bbox 2168 2605 2258 2634; x_wconf 81' lang='lat' dir='ltr'>etiam</span> 
     </span>
     <span class='ocr_line' id='line_1_154' title="bbox 1183 2624 2257 2675; baseline 0.005 -8"><span class='ocrx_word' id='word_1_1280' title='bbox 1183 2638 1314 2668; x_wconf 84' lang='lat' dir='ltr'>manibus</span> <span class='ocrx_word' id='word_1_1281' title='bbox 1331 2636 1561 2675; x_wconf 70' lang='lat' dir='ltr'>predileetorum</span> <span class='ocrx_word' id='word_1_1282' title='bbox 1575 2639 1608 2671; x_wconf 85' lang='lat'>&amp;</span> <span class='ocrx_word' id='word_1_1283' title='bbox 1627 2637 1755 2669; x_wconf 86' lang='lat' dir='ltr'>fidelium</span> <span class='ocrx_word' id='word_1_1284' title='bbox 1765 2637 2004 2670; x_wconf 83' lang='lat' dir='ltr'>Confiliariorum</span> <span class='ocrx_word' id='word_1_1285' title='bbox 2012 2624 2179 2671; x_wconf 63' lang='lat' dir='ltr'>noffmrum</span> <span class='ocrx_word' id='word_1_1286' title='bbox 2187 2640 2257 2672; x_wconf 85' lang='lat' dir='ltr'>Ma-</span> 
     </span>
     <span class='ocr_line' id='line_1_155' title="bbox 1180 2675 2258 2716; baseline 0.003 -10"><span class='ocrx_word' id='word_1_1287' title='bbox 1180 2675 1258 2716; x_wconf 88' lang='lat' dir='ltr'>gistri</span> <span class='ocrx_word' id='word_1_1288' title='bbox 1279 2675 1367 2707; x_wconf 90' lang='lat' dir='ltr'>Curie</span> <span class='ocrx_word' id='word_1_1289' title='bbox 1386 2676 1584 2716; x_wconf 89' lang='lat' dir='ltr'>Wardorum,</span> <span class='ocrx_word' id='word_1_1290' title='bbox 1603 2675 1742 2715; x_wconf 87' lang='lat' dir='ltr'>Capitalis</span> <span class='ocrx_word' id='word_1_1291' title='bbox 1755 2676 1870 2707; x_wconf 77' lang='lat' dir='ltr'>Batonis</span> <span class='ocrx_word' id='word_1_1292' title='bbox 1882 2676 2026 2708; x_wconf 86' lang='lat' dir='ltr'>Scaccarii</span> <span class='ocrx_word' id='word_1_1293' title='bbox 2048 2677 2155 2716; x_wconf 86' lang='lat' dir='ltr'>nostri,</span> <span class='ocrx_word' id='word_1_1294' title='bbox 2177 2678 2258 2709; x_wconf 83' lang='lat' dir='ltr'>Can-</span> 
     </span>
     <span class='ocr_line' id='line_1_156' title="bbox 1181 2714 2258 2754; baseline 0.002 -9"><span class='ocrx_word' id='word_1_1295' title='bbox 1181 2715 1286 2745; x_wconf 88' lang='lat' dir='ltr'>cellarii</span> <span class='ocrx_word' id='word_1_1296' title='bbox 1300 2715 1443 2746; x_wconf 88' lang='lat' dir='ltr'>Scaccarii</span> <span class='ocrx_word' id='word_1_1297' title='bbox 1457 2714 1545 2746; x_wconf 84' lang='lat' dir='ltr'>nostri</span> <span class='ocrx_word' id='word_1_1298' title='bbox 1560 2716 1669 2747; x_wconf 89' lang='lat' dir='ltr'>ibidem</span> <span class='ocrx_word' id='word_1_1299' title='bbox 1679 2738 1689 2754; x_wconf 92' lang='lat'>,</span> <span class='ocrx_word' id='word_1_1300' title='bbox 1705 2714 1822 2754; x_wconf 72' lang='lat' dir='ltr'>Philippi</span> <span class='ocrx_word' id='word_1_1301' title='bbox 1836 2718 2018 2754; x_wconf 81' lang='lat' dir='ltr'>Manwaring</span> <span class='ocrx_word' id='word_1_1302' title='bbox 2044 2715 2165 2753; x_wconf 89' lang='lat' dir='ltr'>Militis,</span> <span class='ocrx_word' id='word_1_1303' title='bbox 2192 2716 2258 2748; x_wconf 92' lang='lat' dir='ltr'>Pri-</span> 
     </span>
     <span class='ocr_line' id='line_1_157' title="bbox 1180 2753 2257 2794; baseline 0.005 -11"><span class='ocrx_word' id='word_1_1304' title='bbox 1180 2754 1262 2784; x_wconf 83' lang='lat' dir='ltr'>marii</span> <span class='ocrx_word' id='word_1_1305' title='bbox 1285 2753 1433 2785; x_wconf 81' lang='lat' dir='ltr'>Secretarii</span> <span class='ocrx_word' id='word_1_1306' title='bbox 1456 2753 1549 2784; x_wconf 89' lang='lat' dir='ltr'>nostri</span> <span class='ocrx_word' id='word_1_1307' title='bbox 1570 2755 1698 2792; x_wconf 89' lang='lat' dir='ltr'>ibidem,</span> <span class='ocrx_word' id='word_1_1308' title='bbox 1716 2763 1751 2784; x_wconf 92' lang='lat' dir='ltr'>ac</span> <span class='ocrx_word' id='word_1_1309' title='bbox 1777 2756 1883 2792; x_wconf 80' lang='lat' dir='ltr'>Georgii</span> <span class='ocrx_word' id='word_1_1310' title='bbox 1903 2753 2037 2794; x_wconf 69' lang='lat' dir='ltr'>Radcltffi</span> <span class='ocrx_word' id='word_1_1311' title='bbox 2063 2754 2191 2794; x_wconf 73' lang='lat' dir='ltr'>Militis,</span> <span class='ocrx_word' id='word_1_1312' title='bbox 2209 2756 2257 2788; x_wconf 85' lang='lat' dir='ltr'>vel</span> 
     </span>
     <span class='ocr_line' id='line_1_158' title="bbox 1179 2791 1717 2823; baseline -0.004 0"><span class='ocrx_word' id='word_1_1313' title='bbox 1179 2792 1278 2823; x_wconf 78' lang='lat' dir='ltr'>saltem</span> <span class='ocrx_word' id='word_1_1314' title='bbox 1295 2793 1426 2823; x_wconf 79' lang='lat' dir='ltr'>manibus</span> <span class='ocrx_word' id='word_1_1315' title='bbox 1439 2791 1567 2822; x_wconf 90' lang='lat' dir='ltr'>duorum</span> <span class='ocrx_word' id='word_1_1316' title='bbox 1589 2793 1717 2823; x_wconf 89' lang='lat' dir='ltr'>illorum.</span> 
     </span>
    </p>

    <p class='ocr_par' dir='ltr' id='par_1_14' title="bbox 1181 2829 2263 3296">
     <span class='ocr_line' id='line_1_159' title="bbox 1218 2829 2256 2873; baseline 0.005 -13"><span class='ocrx_word' id='word_1_1317' title='bbox 1218 2830 1330 2861; x_wconf 73' lang='lat' dir='ltr'>Damus</span> <span class='ocrx_word' id='word_1_1318' title='bbox 1353 2831 1468 2862; x_wconf 89' lang='lat' dir='ltr'>ulterius</span> <span class='ocrx_word' id='word_1_1319' title='bbox 1485 2829 1636 2862; x_wconf 86' lang='lat' dir='ltr'>Univerfis</span> <span class='ocrx_word' id='word_1_1320' title='bbox 1650 2831 1685 2862; x_wconf 90' lang='lat'>&amp;</span> <span class='ocrx_word' id='word_1_1321' title='bbox 1700 2830 1826 2870; x_wconf 81' lang='lat' dir='ltr'>Singulis</span> <span class='ocrx_word' id='word_1_1322' title='bbox 1839 2829 2084 2871; x_wconf 88' lang='lat' dir='ltr'>Archiepiscopis,</span> <span class='ocrx_word' id='word_1_1323' title='bbox 2107 2831 2256 2873; x_wconf 83' lang='lat' dir='ltr'>Ducibus,</span> 
     </span>
     <span class='ocr_line' id='line_1_160' title="bbox 1181 2868 2259 2911; baseline 0.005 -13"><span class='ocrx_word' id='word_1_1324' title='bbox 1181 2868 1370 2906; x_wconf 85' lang='lat' dir='ltr'>Comitibus‚</span> <span class='ocrx_word' id='word_1_1325' title='bbox 1396 2869 1644 2907; x_wconf 88' lang='lat' dir='ltr'>Vicecomitibus,</span> <span class='ocrx_word' id='word_1_1326' title='bbox 1668 2868 1818 2907; x_wconf 89' lang='lat' dir='ltr'>Episcopis</span> <span class='ocrx_word' id='word_1_1327' title='bbox 1833 2891 1843 2907; x_wconf 90' lang='lat'>,</span> <span class='ocrx_word' id='word_1_1328' title='bbox 1878 2868 2055 2909; x_wconf 84' lang='lat' dir='ltr'>Batonibus,</span> <span class='ocrx_word' id='word_1_1329' title='bbox 2074 2870 2259 2911; x_wconf 79' lang='lat' dir='ltr'>justiciariis,</span> 
     </span>
     <span class='ocr_line' id='line_1_161' title="bbox 1182 2907 2261 2951; baseline 0.005 -14"><span class='ocrx_word' id='word_1_1330' title='bbox 1182 2907 1345 2945; x_wconf 83' lang='lat' dir='ltr'>Militibus,</span> <span class='ocrx_word' id='word_1_1331' title='bbox 1365 2908 1458 2939; x_wconf 86' lang='lat' dir='ltr'>liberis</span> <span class='ocrx_word' id='word_1_1332' title='bbox 1472 2907 1653 2940; x_wconf 87' lang='lat' dir='ltr'>Hominibus</span> <span class='ocrx_word' id='word_1_1333' title='bbox 1676 2909 1710 2940; x_wconf 70' lang='grc' dir='ltr'>δί</span> <span class='ocrx_word' id='word_1_1334' title='bbox 1731 2907 1792 2939; x_wconf 86' lang='lat' dir='ltr'>aliis</span> <span class='ocrx_word' id='word_1_1335' title='bbox 1813 2907 1941 2939; x_wconf 89' lang='lat' dir='ltr'>Subditis</span> <span class='ocrx_word' id='word_1_1336' title='bbox 1963 2908 2067 2940; x_wconf 89' lang='lat' dir='ltr'>nostris</span> <span class='ocrx_word' id='word_1_1337' title='bbox 2089 2909 2126 2941; x_wconf 90' lang='lat' dir='ltr'>de</span> <span class='ocrx_word' id='word_1_1338' title='bbox 2150 2910 2261 2951; x_wconf 87' lang='lat' dir='ltr'>Regno</span> 
     </span>
     <span class='ocr_line' id='line_1_162' title="bbox 1182 2945 2263 2986; baseline 0.004 -10"><span class='ocrx_word' id='word_1_1339' title='bbox 1182 2946 1283 2976; x_wconf 89' lang='lat' dir='ltr'>nostro</span> <span class='ocrx_word' id='word_1_1340' title='bbox 1302 2946 1434 2984; x_wconf 63' lang='lat' dir='ltr'>predicio</span> <span class='ocrx_word' id='word_1_1341' title='bbox 1449 2945 1572 2978; x_wconf 89' lang='lat' dir='ltr'>firmiter</span> <span class='ocrx_word' id='word_1_1342' title='bbox 1592 2948 1621 2978; x_wconf 92' lang='lat' dir='ltr'>in</span> <span class='ocrx_word' id='word_1_1343' title='bbox 1648 2946 1796 2978; x_wconf 83' lang='lat' dir='ltr'>Mandatis</span> <span class='ocrx_word' id='word_1_1344' title='bbox 1809 2969 1819 2985; x_wconf 89' lang='lat'>‚</span> <span class='ocrx_word' id='word_1_1345' title='bbox 1853 2947 1931 2986; x_wconf 89' lang='lat' dir='ltr'>quod</span> <span class='ocrx_word' id='word_1_1346' title='bbox 1951 2948 2066 2986; x_wconf 87' lang='lat' dir='ltr'>prefato</span> <span class='ocrx_word' id='word_1_1347' title='bbox 2089 2947 2188 2979; x_wconf 68' lang='lat' dir='ltr'>Thone</span> <span class='ocrx_word' id='word_1_1348' title='bbox 2208 2953 2263 2981; x_wconf 76' lang='lat' dir='ltr'>Co-</span> 
     </span>
     <span class='ocr_line' id='line_1_163' title="bbox 1182 2984 2262 3024; baseline 0.005 -10"><span class='ocrx_word' id='word_1_1349' title='bbox 1182 2989 1243 3015; x_wconf 79' lang='lat' dir='ltr'>miti</span> <span class='ocrx_word' id='word_1_1350' title='bbox 1267 2985 1300 3014; x_wconf 85' lang='lat' dir='ltr'>de</span> <span class='ocrx_word' id='word_1_1351' title='bbox 1322 2984 1484 3024; x_wconf 70' lang='lat' dir='ltr'>Straffiird,</span> <span class='ocrx_word' id='word_1_1352' title='bbox 1524 2986 1752 3018; x_wconf 85' lang='lat' dir='ltr'>Locumtenenti</span> <span class='ocrx_word' id='word_1_1353' title='bbox 1780 2984 1881 3016; x_wconf 91' lang='lat' dir='ltr'>nostro</span> <span class='ocrx_word' id='word_1_1354' title='bbox 1921 2986 2027 3018; x_wconf 87' lang='lat' dir='ltr'>enerali</span> <span class='ocrx_word' id='word_1_1355' title='bbox 2045 2987 2079 3018; x_wconf 89' lang='lat'>&amp;</span> <span class='ocrx_word' id='word_1_1356' title='bbox 2103 2987 2262 3022; x_wconf 85' lang='lat' dir='ltr'>Guberna-</span> 
     </span>
     <span class='ocr_line' id='line_1_164' title="bbox 1181 3022 2254 3063; baseline 0.002 -8"><span class='ocrx_word' id='word_1_1357' title='bbox 1181 3025 1237 3055; x_wconf 92' lang='lat' dir='ltr'>tori</span> <span class='ocrx_word' id='word_1_1358' title='bbox 1264 3022 1364 3055; x_wconf 91' lang='lat' dir='ltr'>nostro</span> <span class='ocrx_word' id='word_1_1359' title='bbox 1393 3023 1530 3063; x_wconf 85' lang='lat' dir='ltr'>generali,</span> <span class='ocrx_word' id='word_1_1360' title='bbox 1552 3025 1581 3055; x_wconf 91' lang='lat' dir='ltr'>in</span> <span class='ocrx_word' id='word_1_1361' title='bbox 1603 3024 1708 3056; x_wconf 89' lang='lat' dir='ltr'>eodem</span> <span class='ocrx_word' id='word_1_1362' title='bbox 1737 3023 1845 3063; x_wconf 82' lang='lat' dir='ltr'>Regno</span> <span class='ocrx_word' id='word_1_1363' title='bbox 1866 3029 1918 3055; x_wconf 81' lang='lat' dir='ltr'>nol</span> <span class='ocrx_word' id='word_1_1364' title='bbox 1933 3036 1985 3063; x_wconf 89' lang='lat' dir='ltr'>ro,</span> <span class='ocrx_word' id='word_1_1365' title='bbox 2003 3026 2182 3057; x_wconf 66' lang='lat' dir='ltr'>intendentes</span> <span class='ocrx_word' id='word_1_1366' title='bbox 2198 3026 2254 3058; x_wconf 86' lang='lat' dir='ltr'>fint</span> 
     </span>
     <span class='ocr_line' id='line_1_165' title="bbox 1183 3062 2262 3103; baseline 0.002 -10"><span class='ocrx_word' id='word_1_1367' title='bbox 1183 3072 1266 3103; x_wconf 86' lang='lat' dir='ltr'>atque</span> <span class='ocrx_word' id='word_1_1368' title='bbox 1287 3062 1464 3101; x_wconf 80' lang='lat' dir='ltr'>affistentes,</span> <span class='ocrx_word' id='word_1_1369' title='bbox 1493 3064 1656 3095; x_wconf 90' lang='lat' dir='ltr'>auxiliantes</span> <span class='ocrx_word' id='word_1_1370' title='bbox 1680 3064 1714 3095; x_wconf 90' lang='lat'>&amp;</span> <span class='ocrx_word' id='word_1_1371' title='bbox 1738 3062 1941 3102; x_wconf 87' lang='lat' dir='ltr'>consulentes,</span> <span class='ocrx_word' id='word_1_1372' title='bbox 1970 3073 2004 3095; x_wconf 91' lang='lat' dir='ltr'>ac</span> <span class='ocrx_word' id='word_1_1373' title='bbox 2028 3064 2110 3103; x_wconf 80' lang='lat' dir='ltr'>ipsius</span> <span class='ocrx_word' id='word_1_1374' title='bbox 2134 3062 2262 3095; x_wconf 78' lang='lat' dir='ltr'>Manda-</span> 
     </span>
     <span class='ocr_line' id='line_1_166' title="bbox 1185 3102 2261 3140; baseline 0.001 -8"><span class='ocrx_word' id='word_1_1375' title='bbox 1185 3103 1219 3133; x_wconf 87' lang='lat' dir='ltr'>tis</span> <span class='ocrx_word' id='word_1_1376' title='bbox 1244 3103 1273 3132; x_wconf 93' lang='lat' dir='ltr'>in</span> <span class='ocrx_word' id='word_1_1377' title='bbox 1290 3102 1426 3133; x_wconf 89' lang='lat' dir='ltr'>omnibus</span> <span class='ocrx_word' id='word_1_1378' title='bbox 1451 3111 1534 3140; x_wconf 89' lang='lat' dir='ltr'>prout</span> <span class='ocrx_word' id='word_1_1379' title='bbox 1549 3103 1632 3134; x_wconf 89' lang='lat' dir='ltr'>decet</span> <span class='ocrx_word' id='word_1_1380' title='bbox 1656 3103 1690 3134; x_wconf 89' lang='lat'>&amp;</span> <span class='ocrx_word' id='word_1_1381' title='bbox 1710 3102 1827 3133; x_wconf 87' lang='lat' dir='ltr'>decebit</span> <span class='ocrx_word' id='word_1_1382' title='bbox 1849 3102 2018 3134; x_wconf 82' lang='lat' dir='ltr'>obedientes</span> <span class='ocrx_word' id='word_1_1383' title='bbox 2034 3124 2045 3140; x_wconf 91' lang='lat'>,</span> <span class='ocrx_word' id='word_1_1384' title='bbox 2072 3102 2107 3133; x_wconf 88' lang='lat' dir='ltr'>ali</span> <span class='ocrx_word' id='word_1_1385' title='bbox 2147 3110 2168 3131; x_wconf 93' lang='lat' dir='ltr'>o</span> <span class='ocrx_word' id='word_1_1386' title='bbox 2194 3102 2261 3133; x_wconf 92' lang='lat' dir='ltr'>Sta-</span> 
     </span>
     <span class='ocr_line' id='line_1_167' title="bbox 1185 3139 2262 3180; baseline 0 -7"><span class='ocrx_word' id='word_1_1387' title='bbox 1185 3150 1266 3179; x_wconf 77' lang='lat' dir='ltr'>tum,</span> <span class='ocrx_word' id='word_1_1388' title='bbox 1294 3141 1389 3178; x_wconf 60' lang='lat' dir='ltr'>Actu,</span> <span class='ocrx_word' id='word_1_1389' title='bbox 1415 3139 1627 3180; x_wconf 86' lang='lat' dir='ltr'>Ordinatione,</span> <span class='ocrx_word' id='word_1_1390' title='bbox 1651 3141 1819 3172; x_wconf 83' lang='lat' dir='ltr'>Provifione</span> <span class='ocrx_word' id='word_1_1391' title='bbox 1867 3140 1956 3180; x_wconf 87' lang='lat' dir='ltr'>Jure,</span> <span class='ocrx_word' id='word_1_1392' title='bbox 1980 3139 2044 3171; x_wconf 88' lang='lat' dir='ltr'>Usu</span> <span class='ocrx_word' id='word_1_1393' title='bbox 2059 3161 2071 3177; x_wconf 85' lang='lat'>‚</span> <span class='ocrx_word' id='word_1_1394' title='bbox 2151 3139 2262 3173; x_wconf 78' lang='lat' dir='ltr'>nsuetu-</span> 
     </span>
     <span class='ocr_line' id='line_1_168' title="bbox 1187 3177 2260 3219; baseline -0.002 -8"><span class='ocrx_word' id='word_1_1395' title='bbox 1187 3181 1254 3211; x_wconf 92' lang='lat' dir='ltr'>dine</span> <span class='ocrx_word' id='word_1_1396' title='bbox 1269 3179 1325 3210; x_wconf 79' lang='lat' dir='ltr'>five</span> <span class='ocrx_word' id='word_1_1397' title='bbox 1347 3178 1540 3211; x_wconf 71' lang='lat' dir='ltr'>Restrietione</span> <span class='ocrx_word' id='word_1_1398' title='bbox 1555 3183 1586 3213; x_wconf 90' lang='lat' dir='ltr'>in</span> <span class='ocrx_word' id='word_1_1399' title='bbox 1598 3180 1776 3212; x_wconf 87' lang='lat' dir='ltr'>contrarium</span> <span class='ocrx_word' id='word_1_1400' title='bbox 1788 3180 1819 3210; x_wconf 89' lang='lat' dir='ltr'>in</span> <span class='ocrx_word' id='word_1_1401' title='bbox 1841 3189 1857 3209; x_wconf 90' lang='lat' dir='ltr'>e</span> <span class='ocrx_word' id='word_1_1402' title='bbox 1877 3179 1975 3216; x_wconf 71' lang='lat' dir='ltr'>faffls,</span> <span class='ocrx_word' id='word_1_1403' title='bbox 1991 3177 2090 3215; x_wconf 83' lang='lat' dir='ltr'>editis,</span> <span class='ocrx_word' id='word_1_1404' title='bbox 2109 3177 2260 3219; x_wconf 84' lang='lat' dir='ltr'>ordinatis,</span> 
     </span>
     <span class='ocr_line' id='line_1_169' title="bbox 1189 3217 2258 3260; baseline 0 -11"><span class='ocrx_word' id='word_1_1405' title='bbox 1189 3219 1235 3249; x_wconf 90' lang='lat' dir='ltr'>seu</span> <span class='ocrx_word' id='word_1_1406' title='bbox 1252 3218 1387 3257; x_wconf 83' lang='lat' dir='ltr'>provisis,</span> <span class='ocrx_word' id='word_1_1407' title='bbox 1405 3227 1450 3249; x_wconf 90' lang='lat' dir='ltr'>aut</span> <span class='ocrx_word' id='word_1_1408' title='bbox 1464 3219 1556 3258; x_wconf 83' lang='lat' dir='ltr'>aliqua</span> <span class='ocrx_word' id='word_1_1409' title='bbox 1571 3220 1622 3251; x_wconf 87' lang='lat' dir='ltr'>alia</span> <span class='ocrx_word' id='word_1_1410' title='bbox 1635 3229 1685 3260; x_wconf 89' lang='lat' dir='ltr'>re,</span> <span class='ocrx_word' id='word_1_1411' title='bbox 1703 3217 1785 3250; x_wconf 70' lang='lat' dir='ltr'>causa</span> <span class='ocrx_word' id='word_1_1412' title='bbox 1801 3217 1849 3249; x_wconf 85' lang='lat' dir='ltr'>vel</span> <span class='ocrx_word' id='word_1_1413' title='bbox 1864 3217 1981 3249; x_wconf 83' lang='lat' dir='ltr'>materia</span> <span class='ocrx_word' id='word_1_1414' title='bbox 1993 3225 2167 3256; x_wconf 83' lang='lat' dir='ltr'>quacunque</span> <span class='ocrx_word' id='word_1_1415' title='bbox 2181 3218 2212 3249; x_wconf 87' lang='lat' dir='ltr'>in</span> <span class='ocrx_word' id='word_1_1416' title='bbox 2226 3228 2258 3256; x_wconf 47' lang='lat' dir='ltr'>af</span> 
     </span>
     <span class='ocr_line' id='line_1_170' title="bbox 1193 3256 1509 3296; baseline 0 -7"><span class='ocrx_word' id='word_1_1417' title='bbox 1193 3259 1273 3296; x_wconf 81' lang='lat' dir='ltr'>liquo</span> <span class='ocrx_word' id='word_1_1418' title='bbox 1287 3267 1347 3287; x_wconf 91' lang='lat' dir='ltr'>non</span> <span class='ocrx_word' id='word_1_1419' title='bbox 1363 3256 1509 3289; x_wconf 83' lang='lat' dir='ltr'>obstante.</span> 
     </span>
    </p>
   </div>
   <div class='ocr_carea' id='block_1_12' title="bbox 1231 3332 2263 3451">
    <p class='ocr_par' dir='ltr' id='par_1_15' title="bbox 1231 3332 2263 3451">
     <span class='ocr_line' id='line_1_171' title="bbox 1233 3332 1524 3373; baseline -0.003 -7"><span class='ocrx_word' id='word_1_1420' title='bbox 1233 3332 1268 3366; x_wconf 88' lang='lat' dir='ltr'>In</span> <span class='ocrx_word' id='word_1_1421' title='bbox 1285 3335 1368 3372; x_wconf 89' lang='lat' dir='ltr'>cujus</span> <span class='ocrx_word' id='word_1_1422' title='bbox 1384 3334 1442 3373; x_wconf 91' lang='lat' dir='ltr'>rei,</span> <span class='ocrx_word' id='word_1_1423' title='bbox 1460 3333 1524 3371; x_wconf 64' lang='grc' dir='ltr'>ότ.</span> 
     </span>
     <span class='ocr_line' id='line_1_172' title="bbox 1231 3405 2263 3451; baseline -0.001 -8"><span class='ocrx_word' id='word_1_1424' title='bbox 1231 3410 1324 3443; x_wconf 83' lang='lat' dir='ltr'>Teste</span> <span class='ocrx_word' id='word_1_1425' title='bbox 1343 3411 1428 3451; x_wconf 85' lang='lat' dir='ltr'>Rege</span> <span class='ocrx_word' id='word_1_1426' title='bbox 1438 3410 1514 3450; x_wconf 85' lang='lat' dir='ltr'>apud</span> <span class='ocrx_word' id='word_1_1427' title='bbox 1528 3405 1807 3450; x_wconf 59' lang='lat' dir='ltr'>Wq‘emonasserium,</span> <span class='ocrx_word' id='word_1_1428' title='bbox 1823 3406 2037 3440; x_wconf 81' lang='lat' dir='ltr'>decimotertio</span> <span class='ocrx_word' id='word_1_1429' title='bbox 2053 3408 2101 3442; x_wconf 88' lang='lat' dir='ltr'>die</span> <span class='ocrx_word' id='word_1_1430' title='bbox 2113 3409 2263 3451; x_wconf 68' lang='lat' dir='ltr'>Januarn.</span> 
     </span>
    </p>
   </div>
   <div class='ocr_carea' id='block_1_13' title="bbox 1884 3485 2161 3528">
    <p class='ocr_par' dir='ltr' id='par_1_16' title="bbox 1884 3485 2161 3528">
     <span class='ocr_line' id='line_1_173' title="bbox 1884 3485 2161 3528; baseline 0.011 -12"><span class='ocrx_word' id='word_1_1431' title='bbox 1884 3486 1939 3516; x_wconf 77' lang='lat' dir='ltr'>Per</span> <span class='ocrx_word' id='word_1_1432' title='bbox 1954 3485 2038 3527; x_wconf 72' lang='lat' dir='ltr'>ipfiem</span> <span class='ocrx_word' id='word_1_1433' title='bbox 2055 3490 2161 3528; x_wconf 72' lang='lat' dir='ltr'>Regem.</span> 
     </span>
    </p>
   </div>
   <div class='ocr_carea' id='block_1_14' title="bbox 2201 4030 2272 4064">
    <p class='ocr_par' dir='ltr' id='par_1_17' title="bbox 2201 4030 2272 4064">
     <span class='ocr_line' id='line_1_174' title="bbox 2201 4030 2272 4064; baseline 0 0"><span class='ocrx_word' id='word_1_1434' title='bbox 2201 4030 2272 4064; x_wconf 69' lang='lat' dir='ltr'>Bres</span> 
     </span>
    </p>
   </div>
  </div>
 </body>
</html>
