2561 4263
824 193 934 240 ET
1018 199 1289 244 ACTA

126 270 194 302 ΑΜ
217 268 260 302 D·
306 279 459 313 Richardus
481 276 620 321 Wrtley,
639 278 787 322 Clericus,
805 283 834 315 S.
854 284 894 315 T.
918 285 937 315 Β
966 287 999 316 ad
1023 286 1198 319 Rectoriam
1220 288 1257 318 de
1277 280 1339 316 Ed-

148 314 234 349 1639·
272 320 364 350 worth
380 345 389 360 ,
417 320 548 351 Diocesis
570 321 727 359 Lincolnie,
742 322 802 359 jam
824 323 962 362 legittime
981 327 1015 356 &
1037 325 1074 355 de
1090 327 1152 364 jure
1169 334 1338 363 vacantem,

124 352 178 376 “¹’'-
198 358 230 384 ¹5
235 370 249 382 -.
273 359 306 390 &
325 357 358 388 ad
383 359 511 390 nostram
541 359 773 397 presen.ationem
801 371 851 398 per
879 364 1044 399 pravitatem
1064 364 1194 394 Simonie
1212 366 1268 395 five
1289 375 1339 402 per

122 391 187 415 Car.
199 396 208 413 1
217 407 223 415 .

274 395 381 435 lapsum
401 398 538 434 temporis
563 398 616 428 hac
636 400 699 429 vice
723 399 893 435 spectantem
901 411 912 438 ,-
952 401 989 432 Et
1010 401 1170 441 diriguntur
1192 403 1228 433 he
1247 404 1340 434 Lirere

274 433 440 473 Willielmo,
457 437 649 476 Cantuarienfi
667 437 915 477 Archiepiscopo,
939 439 999 474 &a
1019 443 1129 472 ratione
1149 441 1339 481 Suspeniionis

274 470 412 511 Episcopi
430 474 584 511 Lincolnie,

309 509 400 542 Teste
419 511 505 550 Rege
523 513 596 551 apud
616 513 896 554 westmonasterium,
913 515 1036 547 secundo
1054 517 1102 548 die
1120 521 1234 549 Martii.

307 590 441 618 Henricus
465 589 549 627 Priell
564 612 573 627 ,
602 590 731 621 Clericus
747 613 756 629 ,
781 591 817 621 ad
840 591 1008 624 Redioriam
1029 594 1066 625 de
1086 598 1254 634 Dymington
1278 596 1341 626 alias

273 628 451 664 Donnington
467 651 476 665 ,
503 625 636 658 Diocesis
656 630 792 666 Eburum,
819 631 880 667 jam
904 642 1073 671 vacantem,
1101 636 1134 666 ὃς
1157 635 1193 664 ad
1213 634 1338 664 nostram

273 664 510 703 presentationem
535 667 618 703 pleno
636 667 699 704 jure
724 668 916 709 speeiamem,
954 670 992 702 Et
1013 672 1171 710 diriguntur
1192 672 1229 702 he
1244 672 1340 703 Litere

273 703 428 743 Richardo,
447 705 568 734 Eborum
588 705 819 744 ArchiepilcopO.

313 741 402 773 Teste
416 742 499 782 Rege
512 743 585 781 apud
600 744 873 785 Westmonasterium,
894 746 1017 778 secundo
1032 747 1078 777 die
1093 750 1205 778 Martii.

307 818 457 849 Mattheus
475 819 639 860 Thompson,
665 821 814 861 Clericus,
833 823 870 853 A.
899 823 947 853 M.
968 822 1004 853 ad
1019 822 1188 854 Reeioriam
1213 824 1247 854 de
1269 824 1341 855 Slee-

269 858 333 894 ping
343 865 453 896 parva,
473 859 606 890 Diocelis
624 860 782 899 Lincolnie,
807 871 856 898 per
881 870 1005 891 mortem
1030 861 1122 891 ultimi
1141 862 1342 894 incumbentis

271 895 387 927 ibidem
408 898 468 935 jam
488 907 651 935 vacantem,
673 901 706 930 ὃ(
727 899 761 929 ad
785 899 912 929 nostram
928 898 1166 938 presentationem
1182 901 1267 940 pleno
1279 904 1342 940 jure

273 933 469 975 speetanrem3
488 936 527 967 Et
548 937 705 976 diriguntur
726 937 762 967 he
785 937 879 966 Litere
902 937 1053 967 Willielmo
1072 940 1265 981 Cantuarienfi
1288 942 1344 972 Ar—

274 973 480 1012 chiepiscopo,
500 974 560 1009 &a
580 977 685 1006 ratione
700 974 893 1013 Suspenfionis
907 974 1044 1018 Episcopi
1067 977 1221 1007 Lincolm'e.

275 1048 294 1079 b
311 1011 402 1042 Teste
424 1013 509 1053 Rege
533 1015 607 1054 apud
630 1011 884 1053 Westmonasterium
901 1036 911 1051 ,
937 1014 1075 1044 vicesimo
1098 1017 1199 1053 quinto
1222 1017 1268 1047 die
1295 1020 1348 1047 Fe-

296 1060 393 1081 ruam!-

314 1129 415 1158 Petrus
433 1132 547 1167 Ingram
563 1151 572 1165 ,
602 1127 747 1164 Clericus,
775 1126 811 1157 A.
835 1126 883 1157 M.
902 1127 937 1157 ad
960 1127 1130 1160 Re&0riam
1153 1130 1189 1162 de
1215 1132 1350 1172 Deffind,

277 1164 410 1197 Diocesis
430 1166 642 1205 Lincolnieizsis,
661 1175 710 1202 per
727 1165 896 1196 Ceffionem
916 1167 1007 1197 ultimi
1026 1167 1224 1201 Incumbentis
1240 1171 1349 1208 ibidem

273 1204 335 1242 jam
353 1213 518 1243 vacantem,
542 1206 575 1236 δε
589 1204 625 1235 ad
640 1203 767 1234 nostram
783 1206 1021 1242 prelentationem
1037 1208 1122 1244 pleno
1138 1209 1201 1246 jure
1218 1210 1348 1246 specstan-

277 1252 356 1281 tem,
392 1242 431 1273 Et
452 1243 611 1282 diriguntur
631 1243 669 1272 he
691 1242 789 1274 Litere
806 1243 962 1282 Willielmo,
981 1247 1175 1287 Cantuarienfi
1195 1247 1346 1287 Archiepi-

277 1283 385 1319 sc0p0,
404 1280 465 1316 ὡς.
485 1283 592 1312 ratione
606 1290 636 1312 ut
651 1281 737 1320 supra.

311 1319 402 1350 Teste
417 1320 499 1359 Rege
513 1321 587 1359 apud
602 1319 882 1361 Wlimonasterium,
901 1321 1018 1353 decimo
1038 1332 1139 1361 quarto
1153 1323 1199 1356 die
1212 1328 1331 1357 Martii.

314 1395 431 1426 Elizeus
448 1396 583 1436 Roberts,
601 1397 749 1435 Clericus,
774 1397 810 1429 ad
830 1398 998 1430 Rectoriam
1020 1399 1076 1431 five
1100 1400 1219 1432 liberam
1243 1401 1348 1439 Capel-

279 1434 336 1465 lam
359 1436 456 1466 Sam‘li
471 1435 613 1474 Johannis
634 1436 776 1476 Baptiste,
799 1438 829 1467 in
850 1436 975 1476 Sherston
991 1446 1087 1476 parva
1108 1440 1171 1470 alias
1193 1441 1345 1482 Pinkeney‚

278 1473 415 1506 Diocefis
434 1477 550 1512 Sarum,
570 1476 629 1513 jam
648 1476 789 1512 legittime
807 1477 841 1506 &
859 1476 896 1505 de
910 1477 971 1513 jure
992 1486 1159 1516 vacantem,
1182 1479 1215 1508 &
1239 1479 1272 1508 ad
1295 1490 1350 1509 no-

276 1512 364 1542 stram
380 1513 618 1552 presentationem
643 1524 692 1551 per
716 1513 824 1550 lapsum
844 1516 980 1551 temporis
995 1515 1048 1546 hac
1070 1516 1134 1547 vice
1158 1516 1348 1557 spectantem,

276 1551 316 1582 Et
333 1551 490 1590 diriguntur
510 1552 545 1582 he
566 1551 659 1582 Litere
705 1551 825 1589 ohanni,
843 1554 941 1583 Sarum
959 1553 1115 1597 Episcopo.

313 1589 404 1621 Teste
423 1589 506 1629 Rege
523 1590 598 1628 apud
618 1593 666 1621 We
690 1589 899 1630 monasterium,
917 1591 1036 1622 decimo
1052 1593 1138 1623 tertio
1151 1592 1198 1624 die
1212 1597 1326 1626 Martii.

312 1665 427 1697 Thomas
444 1665 597 1705 Forreller,
614 1665 764 1705 Clericus,
782 1666 817 1698 ad
835 1667 1003 1699 Reeroriam
1018 1669 1055 1700 de
1072 1672 1192 1710 Kirton,
1220 1671 1352 1705 Diocefis

276 1704 482 1745 Norwicenfis,
500 1715 550 1743 per
574 1715 698 1736 mortem
724 1707 818 1736 ultimi
841 1705 1041 1739 Incumbentis
1054 1709 1162 1740 ibidem
1174 1711 1233 1748 jam
1249 1721 1356 1743 vacan-

279 1751 360 1782 tem,
380 1743 414 1775 &
430 1744 466 1774 ad
490 1743 617 1775 nostram
640 1744 881 1781 presentationem
905 1746 990 1783 pleno
1003 1748 1066 1785 jure
1079 1748 1252 1785 spectantem
1269 1763 1279 1790 3
1317 1752 1356 1784 Et

279 1781 334 1814 dir·
357 1790 439 1814 untur
457 1781 496 1812 he
516 1782 612 1814 Litere
630 1782 785 1820 Richardo‚
803 1785 975 1824 Norwicenst
993 1785 1152 1824 Episcopo.

355 1820 415 1852 este
426 1819 511 1861 Rege
525 1822 598 1860 apud
612 1821 891 1861 Westmonasterium,
909 1832 1008 1862 quarto
1023 1825 1068 1856 die
1085 1826 1238 1858 Februarii.

320 1897 436 1929 Thomas
458 1899 583 1929 Bra-wne
597 1921 607 1936 ,
632 1898 662 1929 S.
680 1898 721 1928 T.
739 1897 770 1929 B.
789 1897 824 1928 ad
849 1897 1061 1932 Canonicaturn
1089 1902 1147 1933 five
1173 1904 1354 1938 Prebendam

283 1945 508 1975 quamcunque,
526 1936 599 1967 infra
621 1936 779 1968 Ecclefiam
796 1937 987 1977 Collegiatam
1004 1940 1059 1971 five
1074 1940 1189 1972 liberam
1206 1944 1354 1982 Capellam

282 1975 410 2014 Regiam
426 1977 523 2006 Sanaft'i
535 1978 660 2014 Georgii,
679 1976 751 2006 infra
768 1975 903 2007 Castrum
918 1978 954 2009 de
970 1980 1119 2019 Windfiir,
1139 1981 1231 2012 modo
1251 1994 1357 2015 vacan-

284 2022 366 2083 ‘s⁶¹¹³i³
379 2024 429 2084 pff
452 2015 1225 2090 hiim}‘ini‘nsssssssissnississiessfigicatssi’infiffstfassmssili‘
1242 2023 1359 2092 isker’

309 2076 315 2082 .
368 2075 374 2081 .
421 2076 428 2083 .
447 2064 464 2084 u
488 2063 527 2084 im
612 2064 628 2084 u
891 2078 901 2091 ,
1185 2070 1242 2091 ona
1254 2071 1356 2092 ionem

383 2100 430 2122 nte
467 2115 474 2122 .

285 2091 416 2161 spevdiibis
433 2102 526 2169 rigitur
551 2130 733 2168 mandamus,
751 2131 830 2170 quod
854 2132 951 2163 eidem
972 2132 1072 2164 Thome
1084 2138 1226 2176 Browne,
1244 2137 1355 2169 stallum

287 2169 318 2200 in
343 2169 456 2208 choro,
475 2172 508 2200 &
530 2169 631 2200 locum
656 2170 690 2200 &
714 2180 822 2202 vocem
841 2172 871 2201 in
887 2172 1026 2210 Capitulo
1040 2173 1203 2213 affignetis,
1220 2178 1283 2208 &c.
1321 2177 1359 2208 Et

287 2208 449 2245 diriguntur
470 2208 508 2239 he
529 2208 625 2238 Litere
649 2211 762 2239 Decano
784 2209 822 2245 ό·
844 2211 968 2249 Capitulo
982 2210 1110 2243 Ecclesie
1123 2212 1286 2251 Collegiate
1303 2215 1359 2248 five

288 2246 377 2278 libere
390 2246 434 2277 Ca
456 2247 507 2277 elle
524 2246 615 2285 Regie
631 2248 726 2278 Saneii
740 2250 865 2288 Georgii,
883 2250 956 2280 infra
971 2248 1105 2281 Castrum
1120 2252 1157 2282 de
1172 2253 1314 2292 Windsbr.

326 2285 418 2316 Teste
432 2256 515 2325 Rege
532 2285 605 2324 apud
621 2286 872 2327 Wemonasierium,
890 2287 1027 2320 vicesimo
1042 2291 1126 2321 tertio
1141 2290 1186 2324 die
1201 2295 1285 2324 Maii.

327 2362 474 2394 Mattheus
493 2362 625 2392 Nicholas
645 2386 655 2401 ,
683 2364 720 2395 L.
744 2364 781 2396 L.
799 2364 843 2396 D.
860 2366 893 2397 δε
911 2365 1138 2406 capellanorum
1159 2368 1249 2408 Regis
1272 2369 1362 2402 Ordi-

290 2402 436 2432 nariorum
458 2411 545 2439 unus,
565 2402 649 2433 habet
671 2402 835 2436 consimiles
853 2404 964 2436 Literas
979 2405 1112 2439 Parentes
1125 2407 1162 2437 de
1179 2408 1362 2446 presentatio-

290 2450 328 2471 ne
343 2440 376 2470 ad
390 2440 573 2473 Decanatum
588 2440 714 2472 Ecclefie
727 2441 902 2474 Cathedralis
917 2443 1034 2483 Bristol,
1050 2455 1100 2485 per
1125 2455 1252 2478 mortem
1268 2448 1361 2479 ultimi

290 2478 407 2509 Decani
422 2479 529 2510 ibidem
543 2479 599 2516 jam
617 2488 769 2512 vacantem
779 2504 789 2519 ,
808 2482 841 2513 ὃς
855 2481 890 2511 ad
905 2482 1033 2514 nostram
1050 2486 1287 2522 presentationem
1303 2487 1365 2525 ple-

292 2526 335 2546 no
346 2517 411 2556 jure
427 2517 622 2556 speeiamem,
649 2518 688 2549 Et
703 2520 866 2555 diriguntur
880 2521 916 2551 he
934 2521 1029 2551 Litere
1046 2523 1169 2562 Capitulo
1181 2548 1190 2564 ,
1208 2524 1366 2557 Prebenda-

293 2558 343 2586 riis
352 2578 361 2593 ,
380 2556 436 2587 five
449 2559 592 2587 Canonicis
605 2557 733 2588 Ecclefie
751 2558 927 2589 Cathedralis
941 2559 1054 2598 Bristol.

297 2632 304 2638 ·
331 2594 424 2663 ngis
437 2596 522 2665 igigcir
538 2596 725 2634 mandamus,
745 2597 825 2634 quod
843 2597 938 2629 eidem
954 2599 1086 2630 Mattheo
1102 2600 1236 2631 Nicholas
1248 2602 1363 2635 stallum

295 2642 327 2663 in
342 2642 359 2663 c
381 2643 454 2670 oro,
508 2643 536 2665 c.

330 2670 422 2703 Teste
437 2672 522 2711 Rege
533 2672 606 2712 apud
622 2672 882 2714 Wstmonasterium
891 2699 900 2714 ‚
919 2675 1037 2708 decimo
1050 2676 1096 2708 die
1110 2676 1208 2717 Junii.

328 2748 475 2787 Johannes
494 2749 602 2787 Hales,
621 2749 658 2781 A.
678 2750 709 2781 B.
728 2751 762 2782 ad
777 2751 990 2785 Canonicatutn
1006 2755 1062 2785 five
1072 2754 1256 2787 Prebendam
1264 2766 1367 2795 quam-

293 2797 410 2827 cunque
433 2790 463 2818 in
488 2788 614 2820 Ecclesia
637 2788 800 2832 Collegiata
821 2792 879 2822 five
902 2792 991 2825 libera
1011 2792 1129 2833 Capella
1152 2794 1243 2834 Regia
1267 2798 1365 2826 Sanan·

293 2829 419 2864 Georgii,
438 2827 512 2859 infra
534 2827 671 2858 Castrum
687 2829 723 2859 de
747 2829 897 2870 Windsbr,
915 2841 966 2869 per
981 2841 1109 2864 mortem
1126 2834 1283 2864 naturalem
1299 2835 1367 2865 ulti-

294 2866 337 2895 rni
360 2865 504 2897 Canonici
526 2867 582 2898 five
603 2866 789 2899 Prebendarii
812 2868 921 2900 ibidem
936 2871 995 2908 jam
1017 2881 1185 2911 vacantem,
1203 2873 1237 2903 &
1260 2874 1295 2905 ad
1312 2884 1366 2904 no-

292 2903 379 2936 stram
395 2904 583 2936 donationem
601 2906 687 2943 pleno
704 2907 762 2944 jure
773 2907 967 2947 spe&antem,·
1002 2909 1039 2941 Et
1057 2910 1220 2949 diriguntur
1232 2912 1269 2942 he
1286 2912 1368 2944 Lite-

294 2951 326 2971 re
346 2946 458 2972 Decano
475 2941 513 2977 &⁶
535 2944 661 2982 Capitulo
676 2944 800 2977 Ecclesie
815 2946 978 2985 Collegiate
995 2948 1052 2979 five
1069 2949 1157 2981 libere
1171 2949 1288 2989 Capelle
1306 2951 1368 2982 Re-

293 2980 341 3019 gie
357 2982 456 3011 Sandi‘i
468 2984 597 3020 Georgii,
611 2982 685 3013 infra
703 2983 838 3016 Castrum
853 2986 889 3016 de
904 2987 1042 3024 Windsor.

315 3018 529 3088 ὴξζοὶὴεὸἰέςίιῑυτ
547 3022 732 3062 mandamus,
752 3023 831 3062 quod
849 3024 943 3056 eidem
957 3025 1090 3064 Johanm'
1104 3027 1193 3058 Hales
1207 3027 1319 3059 stallum
1337 3029 1368 3059 in

295 3066 315 3088 c
357 3067 409 3096 ro,
462 3067 490 3088 c.

329 3095 421 3127 Teste
436 3095 522 3135 Rege
535 3097 610 3136 apud
628 3098 908 3140 Wlimonasterium,
926 3102 1044 3135 decimo
1063 3103 1184 3143 septimo
1203 3104 1250 3136 die
1263 3104 1361 3144 Junii.

335 3172 518 3214 Benjaminus
534 3177 601 3206 Lan
618 3187 650 3214 e,
669 3175 699 3207 S.
719 3176 761 3207 T.
780 3178 814 3208 P.
833 3177 869 3208 ad
884 3178 1027 3211 decimam
1042 3180 1224 3212 Prebendam
1240 3180 1297 3212 five
1304 3180 1364 3212 Ca-

296 3214 486 3253 nonicatum,
501 3213 574 3245 infra
624 3214 752 3246 eclesiam
774 3216 964 3256 Collegiatam
984 3220 1081 3249 Sandii
1096 3222 1175 3250 Petri
1189 3221 1218 3249 in
1235 3219 1364 3260 Westmo-

296 3250 430 3292 misterio,
445 3252 540 3286 modo
561 3262 730 3293 vacantem,
746 3264 796 3294 per
817 3254 1045 3295 deprivationetn
1063 3257 1165 3295 ‚ultimi
1186 3257 1364 3291 Incumben-

392 4152 469 4192 πη,
483 4152 541 4184 rx.
576 4150 613 4189 e.
628 4151 671 4191 ιι,

1375 197 1869 251 PUBLICA.·
2371 224 2452 264 257

1379 288 1414 317 tis
1433 290 1554 326 ejuslern
1566 317 1574 329 ,
1594 293 1613 313 ³ss
1633 296 1666 326 ὃς
1683 295 1715 323 :vi
1732 295 1856 326 nosti-am
1871 296 2056 329 donationem
2071 296 2156 337 pleno
2172 299 2236 338 jure
2250 297 2440 339 spffiieiitmi„

1380 324 1418 356 Et
1443 328 1550 369 (lllgmli
1568 343 1591 360 «ii
1625 334 1660 364 he
1686 334 1779 363 μέτρω
1808 336 1936 368 Parentes
1962 340 2076 368 Decano
2102 338 2139 374 «ὂψ
2166 339 2293 378 Capitale
2321 341 2444 375 Ecclefie

1382 364 1540 405 Coiiegnte
1558 373 1648 400 Sandii
1668 375 1746 402 Petri
1761 374 1993 415 bbestnmnastcrii.

1381 443 1386 448 .
1421 404 1509 473 Vpbis
1527 409 1611 478 igiaetpr
1628 412 1811 450 mandamus,
1830 415 1907 451 quod
1923 415 2017 446 eidem
2036 417 2201 453 Benjamino
2220 417 2319 455 Lenye
2335 416 2445 449 stalium

1378 453 1408 473 in
1428 453 1539 481 Cioro,
1583 457 1624 478 ⁷c.
2080 464 2085 467 ’

1415 481 1504 513 Teste
1526 484 1609 525 Rege
1626 487 1700 525 apud
1720 488 1997 531 Wstmonasterium,
2017 492 2134 522 decimo
2149 502 2235 528 ,nono
2253 492 2298 524 die
2316 494 2411 533 ,iz-1.

1414 559 1528 590 Thomas
1555 565 1680 603 Twitty,
1699 564 1847 603 Clericus,
1866 566 1894 597 S.
1914 568 1952 598 T.
1973 568 2002 599 B.
2024 568 2059 599 ad
2081 569 2229 607 Capellam
2250 571 2348 601 Sancti
2365 573 2446 610 Lau7

1378 601 1461 626 rentii
1484 600 1514 628 in
1536 600 1694 639 Evissaam,
1712 606 1740 634 in
1766 604 1913 636 Comitaru
1942 610 2099 645 Wigornie,
2121 618 2169 645 pei·
2194 618 2320 639 mortem
2347 609 2442 640 ultimi

1378 633 1576 667 Incumbentis
1600 640 1706 670 ibidem
1729 643 1787 680 jam
1812 654 1980 683 vacantem,
2001 647 2034 676 &
2058 647 2093 676 ad
2113 647 2237 678 nostram
2254 647 2445 678 donationem

1377 672 1434 702 five
1449 674 1567 704 liberam
1586 677 1797 715 dispositionem
1821 683 1906 719 pleno
1924 685 1981 719 {xire
1997 684 2182 722 speeantem.

1375 710 1503 779 brlTeste
1531 713 1612 752 Rege
1637 717 1711 753 apud
1737 719 2014 762 Wstmonastermm,
2033 723 2148 754 decimo
2166 723 2289 763 septimo
2303 725 2349 756 die
2364 726 2449 755 Oile-

1405 828 1544 871 1Georgius
1563 829 1750 871 Gillingham,
1765 833 1795 864 S.
1813 834 1853 864 T.
1872 836 1905 866 P.
1925 847 1998 868 unus
2023 838 2245 877 Capellanorum
2271 840 2361 881 Regis
2387 840 2448 872 Or—

1381 863 1577 910 dinariorum,
1598 868 1681 900 habet
1700 872 1859 904 consimiles
1877 875 1984 905 Literas
2001 876 2129 910 Parentes
2144 879 2179 909 de
2195 879 2398 916 presentatione
2413 880 2449 910 ad

1382 902 1595 936 Canonicatum
1611 907 1667 938 sive
1681 908 1860 941 Prebendam
1876 914 1965 951 illam,
1985 916 2014 944 in
2029 915 2151 947 Ecclesia
2166 917 2325 956 Collegiata
2344 919 2399 950 five
2413 920 2448 949 li-

1383 942 1451 972 bera
1470 941 1585 983 Capella
1610 945 1701 983 Regia
1724 950 1820 979 Sandii
1836 954 1965 990 Georgii,
1992 953 2064 984 infra
2088 954 2223 985 Castrum
2245 958 2280 987 de
2305 957 2452 1002 Windsor,

1383 989 1433 1017 per
1448 991 1572 1012 mortem
1590 986 1745 1029 naturalem
1923 991 2008 1029 Elly,
2027 992 2056 1022 S.
2078 993 2117 1023 T.
2137 992 2170 1022 P.
2190 994 2281 1024 ultimi
2305 994 2453 1026 Canonici

1385 1018 1441 1048 five
1466 1019 1646 1065 Prebendarii
1669 1025 1794 1064 ibidem,
1810 1028 1868 1065 jam
1885 1039 2032 1061 vacantem
2044 1054 2052 1068 ,
2072 1032 2104 1062 ὃ(
2120 1032 2153 1062 ad
2168 1032 2292 1063 nostram
2309 1034 2449 1064 Collatio-

1389 1066 1457 1086 nem
1481 1059 1513 1089 &
1535 1060 1654 1091 liberam
1681 1063 1905 1101 Dispofitionem
1930 1069 2014 1105 pleno
2025 1072 2086 1107 jure
2101 1070 2292 1110 spectantem,
2330 1073 2368 1104 Et
2385 1074 2453 1103 diri·

1388 1103 1493 1133 guntur
1507 1098 1543 1127 he
1562 1098 1656 1130 Litere
1672 1104 1784 1132 Decano
1800 1103 1837 1138 ὠ·
1856 1106 1982 1145 Capitulo
1997 1107 2120 1138 Ecclesie
2136 1108 2293 1148 Collegiate
2308 1110 2363 1141 five
2380 1112 2454 1142 libe-

1389 1143 1419 1164 re
1436 1134 1555 1172 Capelle
1571 1136 1665 1177 Regie
1680 1141 1775 1171 Sanc‘Ji
1795 1145 1920 1182 Georgii,
1939 1145 2012 1175 infra
2027 1146 2160 1176 Castrum
2177 1147 2213 1177 de
2227 1149 2369 1187 lVindsor.

1388 1211 1417 1241 in
1427 1172 1616 1245 ἵζέγίςοίςὲιὲ
1630 1178 1813 1219 mandamus,
1833 1183 1911 1221 quod
1929 1184 2021 1214 eidem
2036 1188 2145 1222 Georgia
2156 1186 2327 1224 Gillingham
2341 1188 2453 1219 stallum

1387 1250 1511 1319 briTeste
1527 1252 1611 1291 Rege
1628 1254 1703 1293 apud
1723 1255 1981 1298 Wfi‘monasterium
1994 1283 2004 1298 ,
2030 1262 2168 1292 vicesimo
2190 1264 2288 1301 primo
2304 1265 2350 1297 die
2371 1267 2457 1296 0302

1429 1365 1495 1397 Rex
1513 1378 1628 1400 revocat
1645 1370 1753 1401 Lireras
1774 1372 1922 1413 Parentes,
1938 1384 2065 1413 gerentes
2084 1377 2181 1408 datum
2199 1377 2272 1417 apud
2293 1377 2456 1417 westmona-

1382 1403 1515 1444 sterium,
1534 1407 1653 1438 decimo
1668 1410 1714 1440 die
1727 1414 1812 1449 Maii,
1832 1413 1918 1444 Anno
1928 1414 2021 1454 Regni
2038 1416 2188 1453 suiAnglie
2204 1418 2308 1456 quinto
2322 1419 2451 1454 decimo,

1390 1443 1510 1474 directas
1525 1445 1675 1484 Johanni,
1693 1452 1790 1478 Sarum
1807 1450 1969 1491 Episcopo,
1988 1454 2077 1485 faCtas
2098 1457 2216 1484 Henrico
2232 1455 2344 1494 Storke‚
2364 1455 2457 1485 Cleri*-

1391 1491 1448 1526 CO,
1469 1483 1505 1526 ᾼ.
1526 1483 1573 1513 M.
1593 1485 1627 1515 ad
1649 1486 1816 1518 Rec‘ltoriam
1836 1491 1872 1521 de
1896 1494 2019 1523 Dracott
2043 1493 2108 1523 alias
2132 1497 2242 1523 Dracot
2264 1498 2369 1532 Cerne,
2387 1503 2458 1525 tunc

1391 1519 1534 1556 legittime
1553 1522 1587 1552 &
1604 1523 1640 1552 de
1655 1524 1718 1561 jure
1733 1536 1899 1565 vacantem,
1917 1532 1950 1560 &
1967 1531 2001 1561 ad
2017 1531 2144 1561 nostram
2159 1532 2395 1570 presentationem
2409 1533 2460 1563 ad-

1389 1566 1459 1589 tunc
1483 1567 1512 1589 ut
1538 1560 1679 1592 informati
1701 1564 1823 1603 fuimus,
1840 1576 1889 1603 per
1905 1570 2070 1603 pravitatem
2089 1570 2235 1609 Simonie,
2254 1571 2311 1602 sive
2328 1582 2377 1610 per
2398 1573 2462 1610 lap-

1388 1595 1452 1627 sum
1471 1600 1604 1636 temporis
1621 1601 1668 1631 illa
1681 1602 1744 1632 vice
1758 1602 1943 1642 speetantem.

1426 1673 1573 1713 Johannes
1592 1676 1784 1718 Pocklington,
1804 1680 1833 1711 S.
1851 1680 1891 1711 T.
1911 1681 1943 1712 P.
1958 1684 2044 1715 habet
2059 1685 2219 1716 consimiles
2235 1685 2341 1717 Literas
2355 1686 2459 1718 Paten-

1394 1719 1436 1743 tes
1450 1713 1486 1744 de
1501 1713 1704 1751 presentatione
1727 1718 1761 1748 ad
1788 1718 2000 1752 Canonicatum
2023 1724 2079 1753 five
2105 1724 2286 1755 Prebendam
2309 1725 2405 1765 illam,
2432 1729 2462 1758 in

1394 1750 1521 1783 Ecclefia
1548 1751 1710 1791 Collegiata
1732 1756 1788 1788 five
1803 1758 1890 1789 libera
1904 1759 2020 1798 Capella
2037 1763 2129 1801 Regia
2141 1764 2237 1793 Saricfli
2249 1766 2370 1801 Georgii,
2389 1765 2462 1796 infra

1395 1789 1532 1822 Castrum
1548 1791 1595 1837 ’de'
1616 1793 1769 1833 Windfir,
1784 1806 1833 1833 per
1855 1807 1979 1829 mortem
2005 1803 2158 1832 naturalem
2183 1802 2282 1831 Thome
2298 1801 2410 1842 Sheafe,
2429 1805 2462 1835 S.

1394 1829 1434 1860 T.
1452 1829 1486 1860 P.
1503 1829 1597 1860 ultimi
1620 1832 1799 1865 Prebendarii
1824 1836 1879 1867 five
1905 1837 2051 1869 Canonici
2072 1841 2197 1878 ibidem,
2215 1842 2270 1878 jam
2294 1852 2465 1881 vacantem,

1393 1869 1427 1899 &
1447 1869 1481 1899 ad
1505 1869 1634 1900 nostram
1651 1870 1851 1905 Collationem
1873 1876 2041 1908 &liberam
2062 1878 2288 1916 Dispositionem
2304 1881 2390 1917 pleno
2404 1883 2465 1919 jure

1392 1907 1584 1946 speetantem3
1620 1908 1660 1940 Et
1681 1911 1837 1949 diriguntur
1858 1913 1893 1944 he
1916 1915 2010 1946 Litere
2034 1920 2147 1947 Decano
2169 1914 2207 1950 ὠ
2223 1918 2347 1955 Capitulo
2362 1919 2466 1950 Eccle-

1393 1947 1430 1976 sie
1447 1945 1609 1984 Collegiate
1631 1948 1688 1979 sive
1711 1950 1800 1981 libere
1816 1951 1935 1991 Capelle
1951 1954 2043 1993 Regie
2059 1957 2154 1985 Samsii
2172 1959 2297 1995 Georgii,
2316 1957 2389 1988 infra
2406 1958 2466 1989 Ca-

1395 1984 1484 2015 strum
1499 1985 1536 2016 de
1555 1986 1696 2026 Windsc'ir.

1432 2023 1526 2054 Vobis
1548 2024 1631 2062 igitur
1654 2027 1835 2067 mandamus,
1855 2029 1935 2067 quod
1948 2031 2042 2062 eidem
2055 2031 2186 2071 Johanni
2209 2032 2385 2073 Pocklington
2397 2034 2462 2068 stal-

1402 2062 1462 2093 lum
1483 2063 1512 2092 in
1528 2063 1620 2093 choro
1633 2086 1643 2101 ,
1663 2066 1725 2096 &c.

1430 2100 1521 2132 Teste
1534 2101 1617 2141 Rege
1631 2104 1704 2142 apud
1721 2104 1997 2147 Welimonasterium,
2016 2109 2158 2141 vicesimo
2176 2110 2223 2141 die
2238 2111 2404 2143 Decembris.

1432 2177 1593 2208 Edwardus
1613 2180 1697 2211 Wbb
1716 2205 1726 2218 ,
1751 2180 1903 2219 Clericus,
1932 2184 1967 2215 A.
1993 2184 2041 2215 Μ.
2064 2187 2150 2218 habet
2175 2186 2335 2219 consimiles
2359 2189 2470 2222 Literas

1397 2215 1529 2247 Parentes
1547 2217 1583 2247 de
1599 2219 1821 2260 presentatione,
1837 2222 1871 2252 ad
1887 2222 2030 2254 Officium
2045 2225 2100 2256 five
2116 2225 2232 2257 Locum
2249 2226 2412 2267 Presbyteri
2430 2229 2466 2260 fi-

1398 2265 1434 2285 ve
1455 2255 1604 2293 Capellani
1624 2256 1802 2298 Presbyteri,
1821 2268 1877 2290 tam
1897 2271 1949 2298 pro
1964 2261 2128 2293 divinarum
2143 2264 2364 2305 Celebratione,
2381 2277 2468 2306 quam

1400 2303 1455 2331 pro
1477 2294 1683 2335 instrufflone,
1699 2296 1870 2329 educatione
1891 2302 1926 2331 δε
1950 2300 2126 2332 institutione
2147 2302 2296 2341 Juvenum
2314 2305 2347 2335 ὃς
2363 2305 2472 2337 Puero„

1400 2343 1492 2377 rum,¹
1503 2333 1531 2363 in
1555 2333 1671 2371 Capella
1692 2338 1787 2367 Sanc‘ii
1808 2340 1926 2377 Spiritus
1938 2339 2019 2377 juxta
2045 2340 2150 2372 Villam
2172 2341 2421 2383 de‘Bafingstoke,
2440 2345 2471 2379 in

1401 2370 1551 2402 Comitatu
1567 2374 1771 2413 Southampton.

1437 2410 1528 2441 Teste
1545 2411 1628 2451 Rege
1642 2413 1717 2452 apud
1735 2413 2015 2456 Westmonasterium,
2031 2418 2127 2455 primo
2143 2418 2189 2449 die
2201 2418 2353 2451 Februarii.

1441 2487 1507 2519 Rex
1530 2497 1648 2521 revocat
1672 2490 1781 2522 Literas
1804 2490 1937 2523 Parentes
1959 2502 2089 2532 gerentes
2104 2494 2202 2526 datum
2218 2496 2291 2534 apud
2306 2498 2476 2537 Westmonass

1395 2525 1528 2566 sterium,
1543 2529 1626 2559 tertio
1641 2528 1688 2560 die
1713 2533 1804 2568 Maii,
1822 2530 1910 2560 Anno
1928 2530 2022 2570 Regni
2037 2534 2076 2562 sui
2090 2534 2212 2573 Anglie,
2231 2536 2293 2566 &c.
2308 2546 2408 2575 nono,
2427 2538 2473 2569 di-

1404 2566 1492 2597 mdias
1527 2566 1660 2605 Godfrido
1677 2592 1687 2608 ,
1710 2567 1870 2607 Gloucestrie
1903 2568 2047 2608 Episcopo
2066 2594 2076 2609 ,
2101 2573 2188 2603 fadras
2214 2573 2345 2611 Johanni
2370 2579 2476 2616 Vynor,

1404 2603 1521 2635 Clerico
1535 2628 1545 2642 ,
1573 2606 1609 2636 A.
1626 2604 1672 2635 M.
1693 2607 1727 2636 ad
1741 2606 1883 2638 Vicariam
1902 2607 1938 2637 de
1953 2608 2068 2648 Bibery,
2085 2618 2154 2641 tunc
2173 2611 2311 2650 legittime
2326 2615 2361 2645 ὃς
2378 2615 2414 2645 de
2427 2616 2474 2653 ju—

1404 2652 1434 2673 re
1454 2652 1624 2681 vacantem,
1650 2646 1683 2676 &
1703 2644 1737 2675 ad
1763 2645 1889 2675 nostram
1909 2648 2144 2683 presentationem
2165 2650 2270 2681 adtunc
2289 2662 2317 2682 ut
2335 2652 2476 2684 informa-

1404 2682 1427 2711 ti
1447 2680 1571 2716 fuimus,
1589 2681 1647 2712 five
1665 2692 1715 2720 per
1732 2684 1900 2721 pravitatem
1923 2684 2054 2716 Simonie
2076 2687 2135 2719 five
2155 2698 2204 2726 per
2220 2689 2327 2727 lapsum
2341 2692 2478 2731 temporis

1404 2719 1451 2750 illa
1471 2720 1536 2750 vice
1553 2719 1736 2758 spectantem.

1440 2758 1531 2789 Teste
1545 2757 1629 2798 Rege
1651 2760 1726 2798 apud
1742 2760 2015 2802 Westmonasterium,
2031 2762 2151 2796 decimo
2173 2764 2220 2797 die
2232 2766 2385 2799 Februarii.

1442 2834 1582 2866 Gilbertus
1600 2836 1731 2877 Osborne,
1752 2836 1899 2876 Clericus,
1920 2838 1949 2869 S.
1965 2838 2007 2871 T.
2022 2840 2054 2871 B.
2071 2840 2157 2873 habet
2173 2841 2279 2874 Literas
2294 2844 2424 2878 Parentes
2437 2846 2476 2877 de

1404 2875 1609 2912 presentatione
1629 2875 1662 2906 ad
1686 2876 1865 2908 Prebendam
1886 2875 1967 2908 istam
1983 2879 2040 2910 five
2055 2879 2290 2920 Canonicatum,
2305 2884 2334 2913 in
2350 2883 2476 2916 Ecclefia

1408 2912 1572 2945 Cathedrali
1592 2915 1693 2945 Sancte
1717 2917 1750 2948 &
1771 2915 1915 2946 individue
1928 2919 2077 2949 Trinitatis
2092 2918 2267 2959 Gloucestrie,
2286 2930 2335 2959 per
2351 2931 2477 2953 mortem

1405 2952 1549 2991 Johannis
1566 2952 1801 2993 Wod,Clerici,
1818 2955 1912 2985 ultimi
1926 2955 2109 2988 Prebendarii
2123 2958 2180 2988 five
2195 2957 2339 2990 Canonici
2356 2961 2475 3000 ibidem,

1402 2992 1464 3031 jam
1486 3000 1638 3023 vacantem
1649 3016 1658 3029 ,
1677 2993 1710 3025 &
1731 2993 1766 3024 ad
1783 2993 1911 3023 nostram
1927 2993 2131 3034 donationem,
2151 2996 2337 3029 collationem
2352 2999 2385 3030 &
2401 2999 2474 3031 libe-

1406 3040 1468 3061 ram
1485 3029 1699 3069 dispositionem
1714 3032 1799 3068 pleno
1816 3032 1878 3069 jure
1896 3032 2080 3068 specstantem.

1407 3106 1424 3137 b
1443 3067 1535 3115 Teste
1565 3068 1647 3107 Rege
1679 3070 1754 3108 apud
1778 3069 2035 3110 Wesimonasterium
2050 3095 2060 3111 ,
2085 3072 2203 3104 decimo
2227 3073 2328 3111 quinto
2355 3075 2400 3107 die
2421 3079 2473 3107 Fe-

1426 3117 1523 3137 ruant.

1445 3181 1619 3214 Mandamus
1653 3184 1691 3215 ad
1725 3183 1923 3216 installandum
1953 3185 2108 3217 Gilhertum
2139 3187 2262 3218 Osborne
2292 3189 2474 3231 predictum,

1405 3221 1498 3256 Teste
1511 3221 1616 3254 eodem
1629 3221 1677 3254 die
1948 3233 1999 3264 per
2015 3226 2184 3258 Dominum
2201 3227 2376 3267 Custodem.

1905 4163 1978 4198 ΚΒ

2466 297 2525 340 sim
2551 293 2561 328 Ῑ

2480 344 2556 376 1039

2455 376 2507 402 Aa.
2542 386 2561 410 ¹1

2458 416 2520 439 Cau.
2541 422 2561 440 ι.

2479 449 2561 477 *Kx

2467 499 2528 525 ἔσο.
