2561 4263
713 174 829 219 ET
910 178 1184 223 ACTA
1268 175 1746 222 PUBLICA.

15 265 93 309 Α’ῃῃ,
108 272 152 306 D,
205 265 352 298 Volumus
371 266 458 297 edam
475 264 510 296 ae
531 263 568 295 de
587 263 700 302 speciali
719 265 806 303 gratia
828 263 940 304 nostra,
962 275 1038 297 certa
1059 265 1173 297 scientia
1193 267 1228 297 &

36 314 121 355 1638,
167 315 251 337 mero
269 313 352 336 motu
369 304 471 335 nostris
490 312 543 341 pro
560 303 676 341 Nobis,
696 303 860 333 Heredibus
882 305 913 334 ὃ(
939 304 1154 335 Succefforibus
1174 315 1228 334 no-

15 359 66 383 An,
85 363 127 389 ¹4-
165 344 243 383 stris,
263 343 452 374 concedimus
466 342 559 372 eidem
576 341 617 372 T.
640 342 718 380 quod
733 341 857 378 prefatus
873 342 913 371 T.
928 342 968 372 T.
991 343 1109 373 durante
1129 344 1228 374 termi-

16 397 79 422 σῃ,
102 401 126 419 1,
164 394 205 414 no
222 382 351 421 preditsto
364 381 501 412 &debita
510 380 661 411 Solutione
679 380 805 418 predicta
821 390 850 411 ut
864 381 1020 419 prefertur,
1040 382 1101 412 &c.
1121 382 1169 412 vel
1184 382 1228 412 in-

164 422 206 453 fra
223 420 417 459 Quadraginta
431 420 502 450 Dies
516 420 652 456 proxime
674 419 737 456 post
757 420 835 449 diem
862 418 1018 449 Solutionis
1043 420 1124 457 inde,
1142 429 1227 458 prout

163 461 288 498 superius
303 458 455 496 limitatur,
475 468 524 496 per
541 457 657 495 aliquod
667 457 756 487 Breve
768 457 812 487 vel
823 457 921 487 Brevia
938 458 982 487 vel
1000 459 1163 496 processum
1179 459 1228 488 ali-

2254 189 2337 236 περ·

1267 266 1368 297 redum
1384 264 1417 296 ὃς
1433 265 1634 296 Successor-um
1650 263 1828 303 nostrorum
1847 269 1907 295 tam
1923 261 2127 297 Ecclefiasticis
2140 273 2225 305 quarn
2232 269 2328 304 Tem-
2350 263 2425 297 Arm.
2440 261 2484 302 D.

1266 305 1426 342 poralibus,
1443 305 1478 335 ad
1493 315 1565 342 quos
1587 304 1728 340 pertinere
1743 306 1757 321 *
1775 304 1878 342 poterit
1895 314 1972 334 nunc
1989 304 2021 335 ὃς
2039 314 2091 342 pro
2113 314 2243 344 tempore
2265 313 2324 342 exi-
2367 305 2454 344 1638.

1267 343 1372 380 stenoe,
1391 342 1532 373 sufficiens
1555 343 1738 372 Warrantum
1760 342 1794 371 &
1810 341 1984 378 Exoneratio
2005 344 2033 372 in
2050 344 2105 373 hac
2124 353 2203 381 parte
2236 346 2271 379 de
2290 350 2323 380 &
2341 346 2391 370 Aa.
2415 354 2460 380 14·

1266 391 1320 419 pro
1334 382 1471 411 omnibus
1485 382 1517 412 ὃ(
1533 380 1649 417 singulis
1664 380 1825 418 Premiffi53
1845 380 1882 410 Et
1897 381 1975 417 quod
1995 381 2031 412 he
2047 381 2141 412 Litere
2157 367 2253 415 nolite
2270 386 2322 418 Pa-
2340 384 2402 409 Car,
2427 392 2454 412 ι.

1267 428 1356 450 tentes
1371 421 1414 449 vel
1431 420 1680 450 Irrotulamentum
1703 418 1747 448 vel
1772 418 1999 456 Exemplificatio
2021 420 2106 458 inde,
2123 421 2157 451 δὲ
2175 425 2274 455 omnia
2293 427 2322 457 in
2358 417 2378 437 ⁷*
2390 420 2457 450 XX.

1266 458 1370 488 eisdem
1389 467 1521 488 contenta
1538 459 1570 488 &
1587 457 1759 495 specificata,
1778 466 1858 486 erunt
1883 457 1960 488 bone
1981 459 2014 488 &
2029 458 2191 491 effectuales
2212 462 2242 492 in
2265 463 2324 495 Le-
2341 465 2406 493 255.

59 3241 79 3262 ¹⁸
89 3243 158 3275 XX.

44 3284 108 3320 256.

165 508 273 537 quern,
291 505 337 527 aut
355 496 452 534 aliquo
472 497 527 527 alio
548 496 640 526 modo
663 496 820 526 nullatenus
841 497 1029 534 compellatur
1047 497 1082 527 ad
1106 507 1228 535 compa-

167 536 290 567 rendum
313 545 411 566 coram
431 536 512 566 nobis
534 544 580 565 aut
599 534 811 565 deveniendum
831 534 971 573 obligatus
992 536 1091 573 nobis,
1111 546 1159 573 per
1178 536 1227 565 ali-

164 584 253 614 quam
268 572 517 613 Recognitionern
539 574 570 604 in
594 573 685 610 aliqua
702 573 887 603 Pecuniarum
909 573 1045 611 Summa,
1063 582 1110 604 aut
1126 574 1159 604 ad
1183 575 1227 603 in-

166 613 345 644 veniendum
360 613 549 644 Securitatem
565 611 752 642 sufficientem
767 612 850 642 nobis
870 622 925 649 pro
943 613 967 643 se
989 613 1060 642 bene
1083 612 1227 650 gerendo,

166 652 275 682 ratione
289 659 401 682 tantum
417 650 587 682 Recusantie
596 650 678 688 ipsius
687 651 726 680 T.
740 650 781 680 T.
795 659 841 680 aut
852 651 958 682 ratione
968 673 977 688 ,
994 651 1093 692 colore
1109 650 1155 681 vel
1163 659 1229 687 pre-

169 698 249 720 textu
265 689 367 720 Statuti
382 691 411 720 in
429 690 518 720 Anno
535 690 648 727 primo,
667 698 714 720 aut
730 688 832 719 Statuti
851 690 880 719 in
895 689 986 720 Anno
1007 689 1148 719 vicelimo
1170 697 1229 718 ter-

168 729 211 758 tio
226 738 316 766 nuper
332 728 446 765 Regine
460 727 629 758 Elizabethe
646 728 711 758 editi
726 728 758 758 δε
777 728 880 766 provisi
890 750 899 765 ‚
919 728 964 758 seu
978 726 1080 757 Statuti
1095 727 1122 756 in
1138 725 1229 756 Anno

168 766 308 797 vicesimo
321 767 427 797 odiam
443 767 566 804 ejusdem
581 776 670 804 nuper
688 766 817 805 Regine,
836 767 880 796 seu
898 765 1001 796 Statuti
1019 766 1047 795 in
1069 766 1156 794 Anno
1179 766 1230 794 tri-

166 805 285 836 cesima
294 806 399 842 quinto
416 805 545 842 predicte
557 815 646 845 nuper
662 804 792 844 Regine,
811 805 856 835 vel
870 803 972 834 Statuti
987 804 1015 832 in
1034 803 1123 833 Anno
1146 804 1230 833 tertio

174 842 272 882 Regni
286 843 356 874 dicti
369 843 458 874 Patris
475 843 564 874 nostri
586 853 639 882 pro
656 843 824 874 Recusantia
845 841 890 872 sua
909 850 1036 879 tanturm
1065 840 1233 872 Nihilomi-

172 891 226 911 nus
245 882 265 912 si
287 881 478 920 imposterum
502 884 585 914 nobis
611 882 655 913 vel
676 882 787 918 prefato
809 880 948 911 Concilio
968 879 1067 910 nostro
1088 879 1230 910 videbitur

171 922 367 959 conveniens,
384 922 461 960 quod
476 921 568 960 alique
587 921 653 952 tales
668 919 899 958 Recognitiones
918 917 1036 948 adisto
1060 918 1100 948 T.
1118 918 1157 948 T.
1173 920 1231 949 exi-

172 966 294 998 gentur,
312 968 382 990 tunc
398 962 426 990 in
442 959 488 990 tali
502 961 565 991 casu
584 960 737 996 volumus,
758 957 836 995 quod
858 956 1002 995 predicitus
1023 956 1063 987 T.
1081 957 1121 986 T.
1144 956 1230 988 semel

172 1006 284 1028 tantum
303 998 434 1030 deveniet
449 999 532 1029 nobis
543 998 684 1036 obligatus
706 998 736 1027 in
757 995 862 1025 eodem
885 994 1052 1032 Comitatu‚
1070 996 1099 1024 in
1118 1005 1178 1032 quo
1198 996 1232 1026 ad

172 1044 243 1067 tunc
259 1036 427 1068 inhabitabit
442 1038 489 1068 vel
502 1045 683 1068 commorans
698 1034 800 1071 fuerit,
817 1043 887 1064 cum
903 1033 1059 1064 securitate
1073 1033 1233 1065 sufficiente

173 1074 210 1105 de
225 1074 251 1104 se
268 1075 342 1106 bene
359 1076 503 1114 gerendo,
522 1076 554 1105 &
573 1084 632 1103 non
649 1073 728 1103 aliter
746 1081 801 1102 nec
815 1072 882 1101 alibi
896 1081 949 1109 pro
963 1071 1042 1103 causa
1058 1072 1193 1108 predi6ta.

210 1112 248 1143 Et
265 1114 381 1145 ulterius
396 1115 432 1144 de
449 1115 537 1150 gratia
553 1111 648 1143 nostra
661 1110 773 1149 speciali
787 1110 920 1141 volumus
934 1110 969 1140 &
985 1110 1176 1151 concedimus
1183 1120 1236 1150 pro

172 1149 274 1181 Nobis
288 1175 297 1190 ‚
324 1152 488 1183 l-leredibus
507 1153 540 1183 &
561 1149 776 1180 Succefforibus
797 1148 899 1179 nostris
919 1158 967 1185 per
988 1152 1138 1187 metentes,
1158 1149 1235 1188 quod

173 1189 319 1227 predictus
333 1190 373 1221 T.
388 1190 428 1221 T.
445 1190 524 1220 nullo
539 1188 631 1219 modo
651 1187 841 1226 imposterum
864 1187 982 1218 durante
1000 1189 1125 1218 termino
1142 1189 1237 1225 predi-

173 1228 225 1258 «sto
239 1229 272 1260 &
287 1230 380 1260 debita
396 1228 548 1259 Solutione
563 1227 634 1258 dieti
647 1225 805 1264 Redditus,
825 1227 888 1258 &c.
908 1226 1002 1257 modo
1014 1227 1047 1258 &
1065 1226 1159 1257 forma
1173 1237 1237 1267 pre-

172 1266 276 1305 dietis,
293 1266 445 1298 indie‘tetur
459 1267 495 1297 de
511 1267 544 1297 ὃ(
559 1275 613 1303 pro
627 1264 801 1296 Recusantia
814 1264 860 1295 sua
876 1274 1004 1304 tantum,
1024 1275 1080 1306 nec
1092 1264 1173 1303 super
1188 1265 1232 1296 ali-

173 1314 228 1344 qua
242 1306 303 1335 talia
325 1304 532 1337 IndiCtamenta
575 1314 608 1334 ro
625 1303 723 1334 Caufis
738 1303 887 1342 prediffls,
902 1303 1000 1342 aliquis
1024 1303 1174 1334 Proceffus
1190 1303 1238 1336 fiat

173 1353 222 1375 aut
237 1344 389 1382 habeatur,
407 1344 464 1375 sive
481 1354 529 1382 per
567 1342 801 1374 reclamationem
827 1343 873 1373 vel
897 1341 1158 1380 Proclamadones,
1176 1342 1240 1374 Ut-

175 1383 310 1420 lagariam
324 1382 370 1412 vel
385 1382 561 1421 Utlagarias,
577 1382 623 1413 vel
636 1381 731 1421 aliquo
747 1381 804 1412 alio
819 1381 910 1412 modo
925 1381 1017 1412 versus
1032 1381 1124 1418 ipsum
1138 1381 1180 1412 Τ.
1197 1382 1238 1413 Τ.

174 1421 214 1451 Et
230 1420 251 1451 s1
268 1422 415 1460 contingat
424 1422 547 1460 aliquem
564 1421 651 1451 talem
665 1419 848 1458 processum,
868 1429 923 1459 pro
940 1421 1020 1450 causa
1035 1419 1161 1457 predicta
1179 1419 1239 1451 fieri

174 1459 221 1490 vel
231 1469 363 1491 emanare
371 1483 381 1497 ‚
400 1468 500 1490 contra
508 1460 699 1491 intentionem
710 1458 837 1489 nostram
845 1458 968 1498 superius
978 1458 1134 1496 expressam
1142 1459 1239 1496 ‚quod

174 1506 245 1533 tunc
262 1499 295 1529 ὅ(
310 1500 392 1530 toties
408 1498 499 1530 Breve
514 1499 560 1529 vel
576 1498 673 1528 Brevia
690 1497 726 1528 de
740 1499 891 1527 Certiorarae
903 1496 939 1528 ad
955 1499 1165 1535 requilitionem
1175 1507 1240 1535 pre-

173 1536 244 1567 dieti
259 1537 300 1567 T.
318 1537 358 1567 T.
382 1537 461 1574 super
477 1536 753 1568 demonstrationem
776 1535 876 1566 harum
894 1535 1056 1566 Literarum
1075 1535 1236 1567 nostrarum

173 1574 336 1606 Patentium
355 1577 401 1607 vel
417 1576 628 1606 Irrotulamenti
641 1573 816 1613 earundem,
834 1573 891 1604 fine
910 1574 1047 1605 dilatione
1065 1575 1242 1606 concedetur

174 1614 223 1645 vel
239 1615 449 1652 concedentur,
467 1613 651 1644 retornabilia
664 1622 765 1643 coram
782 1613 864 1642 nobis
880 1613 1046 1652 ubicunque
1062 1613 1200 1644 fuerimus
1209 1615 1239 1644 in

173 1651 304 1690 Anglia·
323 1652 362 1684 Et
380 1653 512 1684 volumus
528 1653 562 1684 ὃς
583 1651 772 1691 mandamus,
789 1651 872 1690 quod
897 1652 912 1682 a
929 1651 1018 1683 Curia
1041 1653 1168 1691 predffila
1187 1652 1241 1683 tale

173 1676 347 1721 Record'um
364 1691 401 1721 fic
418 1701 469 1729 per
487 1690 575 1721 Breve
590 1691 626 1722 de
639 1693 788 1721 certiorari
804 1692 834 1720 in
849 1690 972 1730 predidta
981 1689 1069 1721 Curia
1080 1691 1174 1722 nostra
1187 1701 1242 1723 co-

172 1739 234 1760 ram
247 1731 330 1760 nobis
344 1731 531 1762 certificatum
548 1731 654 1760 remitti
668 1740 727 1761 non
743 1730 939 1769 permittetur,
957 1730 991 1761 &
1006 1729 1084 1767 quod
1108 1731 1138 1760 in
1156 1729 1243 1766 Curia

174 1768 272 1799 nostra
286 1769 413 1807 predicta
429 1770 526 1800 omnis
544 1769 662 1800 ulterior
675 1768 826 1811 Procellhs
840 1769 952 1808 penitus
966 1768 1086 1800 cessabit
1102 1779 1156 1808 pro
1176 1779 1244 1801 cau-

162 1807 201 1838 ‘sa
235 1808 349 1839 redieta.

241 1855 252 1876 t
267 1846 409 1884 predidtus
425 1843 465 1876 T.
480 1845 528 1876 M.
545 1855 598 1884 pro
612 1844 638 1877 se
649 1868 659 1882 ‚
676 1845 860 1884 Hei-edibus,
875 1845 1089 1877 Executoribus
1111 1847 1146 1879 &
1167 1847 1227 1879 Ass
1231 1865 1245 1874 .-

174 1885 270 1920 gnatis
280 1885 333 1916 suis
348 1886 486 1916 convenit
502 1885 535 1916 &
547 1885 684 1916 concedit
703 1885 739 1915 ad
753 1885 787 1916 δε
803 1894 872 1916 curn
891 1885 1009 1924 Nobis,
1028 1886 1192 1918 l-leredibus
1210 1889 1244 1919 &

175 1922 392 1954 Successor-ibus
406 1922 509 1954 nostris
524 1933 574 1962 per
587 1924 747 1963 pretentes,
763 1924 842 1963 quod
859 1923 879 1955 fi
895 1925 1038 1961 predietus
1053 1925 1093 1956 T.
1111 1924 1158 1955 M.
1173 1925 1246 1956 Exe-

180 1969 296 1993 cutures
312 1963 356 1993 vel
373 1962 510 2001 Affignati
526 1962 566 1993 sui
580 1963 628 1994 has
644 1962 753 1994 Literas
768 1962 877 1994 nostras
891 1963 1023 1994 Patentes
1046 1964 1076 1994 in
1093 1964 1246 1997 Scaccario

180 1999 297 2040 nostro,
315 2001 384 2032 infra
399 2002 518 2041 spatium
532 2002 576 2032 sex
591 2001 740 2033 Menfium
758 2003 893 2040 proxime
909 2002 1088 2042 sequentium
1103 2002 1169 2042 post
1184 2002 1248 2034 Da-

181 2046 241 2068 tam
262 2040 435 2077 earundem,
455 2050 516 2070 non
539 2040 728 2071 irrotulabunt
751 2042 797 2071 seu
819 2040 956 2071 irrotulari
979 2041 1150 2080 musabum,
1169 2042 1248 2081 quod

180 2083 252 2107 tunc
267 2079 409 2115 prediecus
426 2078 467 2108 T.
484 2078 531 2108 M.
545 2078 720 2110 Executores
734 2080 767 2119 δε
786 2080 922 2117 Affignati
939 2079 976 2110 sui
992 2080 1144 2112 solvent&
1164 2081 1248 2111 foris-

178 2115 284 2146 facient
299 2117 414 2154 Nobis,
432 2116 596 2147 Heredibus
614 2119 647 2149 δε
663 2117 879 2148 Successoribus
897 2118 998 2148 nostris
1013 2124 1130 2160 quinque
1143 2119 1249 2150 Libras

182 2155 277 2193 legalis
293 2155 418 2185 Monete
433 2158 538 2193 Anglie
556 2156 688 2194 (nomine
704 2156 795 2194 Pene)
816 2167 868 2195 pro
882 2157 1010 2195 quolibet
1024 2158 1148 2188 dimidio
1168 2158 1247 2189 Anni

181 2204 216 2225 ex
235 2204 305 2225 tunc
329 2193 425 2231 postea
449 2196 580 2234 proxime
602 2195 759 2233 sequentis,
778 2197 806 2225 in
827 2206 887 2234 quo
900 2196 1059 2234 heLitere
1081 2196 1179 2228 nostre
1192 2196 1247 2228 Pa-

181 2242 272 2266 tentes
286 2234 407 2264 minime
424 2233 570 2264 irrotulate
584 2235 770 2264 remanebunt
786 2234 830 2265 seu
846 2238 997 2265 remanere
1004 2237 1195 2273 contigerint.

219 2272 259 2303 Et
278 2272 392 2302 ulterius
412 2272 546 2302 volumus
561 2272 595 2302 &
610 2272 797 2304 concedimus
815 2283 868 2311 pro
892 2272 1012 2313 Nobis,
1030 2272 1196 2311 Heredibus
1213 2275 1248 2307 ὃ(

181 2310 398 2342 Succefforibus
410 2309 530 2348 nostris,
549 2311 628 2348 quod
645 2311 681 2341 he
698 2311 794 2342 Litere
810 2311 906 2342 nostre
918 2311 1051 2344 Patentes
1074 2314 1122 2344 vel
1140 2313 1248 2344 Irrotu-

181 2350 339 2381 lamentum
355 2349 524 2387 earundem,
542 2358 626 2380 erunt
641 2350 670 2380 in
686 2351 825 2381 omnibus
841 2351 873 2381 &
888 2360 938 2389 per
951 2353 1069 2391 omnia,
1087 2351 1249 2383 Thesaura-

182 2390 243 2427 rio,
262 2387 459 2426 Cancellario,
474 2387 748 2421 Subthelaurario&
764 2388 922 2420 Baronibus
936 2389 1028 2421 Curie
1043 2391 1250 2424 Scaccariino-

182 2427 232 2458 stri
247 2427 280 2458 &
297 2427 433 2457 omnibus
450 2426 508 2458 aliis
527 2426 682 2458 Officiariis
692 2428 726 2459 &
742 2427 884 2458 Ministris
899 2428 1016 2467 nostris,
1036 2431 1086 2468 qui
1101 2440 1180 2461 nunc
1188 2429 1251 2461 sunt

183 2466 231 2497 vel
246 2465 431 2502 imposterum
452 2474 553 2503 erunt,
572 2465 824 2505 Vicecomitibus,
841 2467 1149 2506 Subvicecomitibus‚
1167 2468 1250 2500 Balli-

184 2505 228 2537 vis
240 2506 274 2536 &
287 2504 424 2534 omnibus
438 2504 497 2534 aliis
512 2503 689 2543 officiariis,
707 2504 850 2536 Ministris
873 2506 906 2537 &
919 2505 1049 2538 Subditis
1072 2507 1175 2539 nostris
1188 2507 1254 2539 He-

184 2627 248 2663 The
271 2627 461 2673 Instrufft‘ions
485 2627 654 2661 mentioned
673 2632 705 2661 in
727 2625 777 2661 the
801 2627 982 2672 Commiffion
1006 2628 1062 2673 last
1083 2629 1181 2675 before
1206 2642 1254 2664 re·-

347 2676 427 2710 cited
445 2676 481 2709 do
497 2677 606 2722 follow
628 2681 660 2709 in
681 2675 758 2722 these
781 2676 904 2721 Wrds,
929 2676 1091 2712 videlicet.
1113 2727 1115 2731 ,

188 2763 366 2804 Instrudlions
383 2762 443 2792 and
454 2760 614 2792 Direl't‘ions
631 2770 660 2793 to
675 2774 723 2793 our
739 2763 947 2802 Commiffl'oners
961 2786 971 2800 ‚
995 2761 1041 2800 fiir
1059 2775 1107 2794 our
1127 2767 1256 2795 Revenue

224 2803 326 2841 arifing
345 2801 378 2839 by
396 2800 443 2830 the
460 2800 615 2841 Forfeiture
640 2801 677 2842 of
687 2797 975 2842 Recufhnts'convifi
990 2806 1021 2833 in
1040 2802 1088 2833 the
1106 2802 1256 2834 Northern

225 2843 312 2872 Parts
332 2840 369 2880 of
376 2840 434 2871 this
449 2850 497 2871 our
511 2840 655 2878 Kingdom.

192 2932 219 2953 1.
235 2920 339 2979 WE
352 2920 460 2961 having
472 2922 638 2954 heretofore
654 2920 773 2960 granted
795 2932 850 2953 our
871 2920 1073 2954 Commiffion
1091 2921 1183 2954 under
1205 2931 1260 2952 our

332 2959 424 2990 Great
437 2961 499 2992 Seal
513 2961 551 2992 of
564 2960 712 3000 langland,
731 2961 787 2992 and
801 2971 872 2992 now
889 2962 1036 3001 intending
1052 2971 1084 2992 to
1104 2970 1199 2992 renew
1209 2960 1260 2991 the

189 2997 283 3033 same,
300 2998 355 3028 and
370 2997 417 3028 for
430 2998 482 3029 the
494 3000 586 3030 better
599 3000 763 3037 expediting
778 3000 816 3030 of
827 3000 882 3030 this
894 3010 948 3030 our
966 3000 1099 3036 Service,
1120 3008 1152 3030 to
1170 2999 1260 3030 direct

191 3037 244 3067 the
255 3034 329 3066 same
344 3044 376 3066 to
392 3037 441 3066 the
456 3037 536 3067 Lord
551 3038 738 3076 Archbiihop
751 3038 787 3068 of
801 3039 886 3077 York,
906 3039 954 3068 the
974 3038 1054 3069 Lord
1064 3038 1219 3069 Treasurer
1227 3039 1265 3067 of

191 3074 328 3112 England
342 3074 389 3104 for
402 3074 452 3104 the
464 3077 535 3106 time
552 3076 658 3114 being,
676 3077 724 3106 the
737 3076 820 3106 Lord
842 3076 987 3108 Prefident
1006 3078 1042 3107 of
1060 3086 1114 3107 our
1130 3076 1259 3106 Council

192 3113 363 3144 established
382 3114 409 3142 in
422 3113 470 3143 the
486 3113 590 3144 North
608 3113 685 3144 Parts
696 3115 750 3144 and
765 3115 881 3153 others,
895 3125 924 3145 as
945 3116 973 3144 in
997 3114 1108 3145 former
1131 3115 1215 3144 times
1237 3115 1259 3144 it

192 3151 264 3183 hath
281 3153 355 3183 been
374 3151 457 3189 used,
478 3153 524 3182 for
537 3152 587 3182 the
606 3153 708 3189 setting
722 3161 754 3183 to
768 3153 852 3183 Farm
868 3153 916 3183 the
930 3152 1024 3182 Lands
1037 3153 1093 3183 and
1116 3152 1213 3184 Leases
1227 3152 1264 3181 of

192 3191 261 3221 such
277 3190 434 3220 Recusants
449 3199 476 3219 as
491 3201 538 3221 are
551 3201 585 3220 or
600 3190 665 3221 lhall
683 3192 718 3220 be
733 3191 943 3228 convicted‚at
957 3191 1012 3220 and
1021 3191 1067 3221 for
1083 3191 1152 3221 such
1169 3190 1262 3229 yearly

194 3229 289 3301 {enfitg
315 3238 349 3260 to
372 3229 408 3260 be
428 3228 492 3268 paid
510 3232 525 3247 ⁴
545 3237 618 3260 unto
638 3228 688 3260 Us
713 3228 761 3260 for
785 3229 832 3260 the
850 3229 942 3268 same,
960 3239 988 3261 as
1003 3238 1068 3268 may
1084 3230 1121 3260 be
1142 3228 1188 3259 for
1209 3238 1262 3259 our

222 3278 255 3299 ro
290 3290 297 3297 .

229 3354 258 3377 2.
277 3342 339 3375 We
354 3342 430 3375 have
446 3344 573 3386 thought
589 3346 620 3377 fit
635 3346 690 3377 and
705 3344 850 3385 necessary
862 3353 895 3377 to
912 3346 979 3383 give
993 3352 1066 3377 unto
1076 3354 1134 3386 you
1149 3354 1202 3376 our
1209 3344 1263 3376 said

190 3383 439 3416 Commiffioners
452 3384 529 3416 these
551 3385 740 3416 lnstruCtions
755 3385 890 3416 followin
916 3409 925 3421 ,
945 3386 990 3415 for
1010 3393 1082 3423 your
1100 3386 1192 3416 better
1206 3384 1263 3415 Di-

194 3424 320 3454 rections
340 3423 370 3452 in
384 3423 439 3452 this
458 3432 510 3453 our
532 3423 664 3462 Service‚
693 3424 793 3454 which
810 3433 864 3454 our
902 3423 1092 3462 nstruffions,
1111 3433 1164 3454 our
1186 3423 1263 3454 Will

195 3463 252 3493 and
267 3462 394 3492 Pleasure
411 3462 450 3499 is,
469 3462 535 3502 they
551 3462 618 3493 shall
631 3462 731 3493 follow
747 3462 802 3493 and
817 3462 935 3494 observe
950 3463 979 3492 in
995 3461 1046 3493 the
1060 3462 1214 3493 execution
1229 3462 1266 3492 of

193 3501 274 3533 these
287 3510 339 3531 our
352 3499 581 3538 Commiffions,
598 3501 645 3532 for
666 3501 716 3532 the
731 3502 821 3532 better
840 3501 961 3532 increase
982 3502 1018 3531 of
1035 3511 1088 3531 our
1105 3501 1263 3539 Revenue,

194 3540 251 3570 and
267 3539 314 3569 for
330 3539 379 3569 the
393 3538 528 3577 avoiding
542 3540 578 3570 of
593 3540 642 3570 the
661 3540 767 3570 Abuses
782 3541 819 3570 of
828 3539 1063 3577 Underffieriffi,
1082 3538 1186 3570 Bailiffs
1207 3541 1262 3569 and

193 3575 279 3609 ‘other
293 3579 409 3608 inferior
425 3576 565 3615 Officers,
583 3578 681 3610 which
695 3588 743 3609 are
757 3578 831 3619 daily
848 3578 1022 3611 committed
1036 3580 1066 3610 in
1082 3579 1131 3610 the
1145 3578 1264 3619 levying

192 3616 252 3659 and
267 3616 425 3655 colleeting
441 3615 562 3647 thereof.

193 3700 199 3703 ·
237 3702 264 3734 3.
283 3692 367 3724 That
384 3703 438 3724 our
460 3691 701 3724 Commiffioners
724 3694 764 3724 do
788 3694 898 3727 reserve
923 3694 969 3727 for
993 3706 1048 3727 our
1068 3696 1149 3727 Parts
1163 3693 1201 3725 of
1213 3694 1264 3726 the

195 3730 358 3763 'Recusants
377 3731 490 3771 Lands,
510 3732 626 3770 Leases,
643 3732 825 3763 Tenements
847 3734 902 3765 and
919 3734 1169 3773 Hereditaments,
1188 3734 1225 3773 by
1248 3744 1263 3764 a

195 3771 295 3810 'yearly
309 3771 388 3801 Rent
406 3780 437 3801 to
450 3772 489 3801 be
504 3771 564 3801 half
573 3771 668 3811 yearly
683 3771 747 3808 pald
766 3772 822 3802 and
837 3773 980 3804 answered
997 3782 1070 3805 unto
1092 3773 1157 3812 Us,
1175 3783 1191 3804 a
1211 3772 1263 3804 full

199 3808 258 3839 and
271 3817 333 3839 true
348 3809 424 3840 third
438 3809 506 3840 Part
518 3809 634 3841 thereos
647 3809 725 3840 ultra
740 3809 873 3850 reprifizs,
888 3812 1012 3843 without
1025 3813 1132 3851 respect
1149 3821 1181 3844 to
1190 3812 1263 3842 frau-

196 3846 299 3886 dulent
312 3848 523 3888 Conveyances
540 3849 595 3879 and
608 3847 849 3880 Incumberances
863 3852 1014 3882 contrived
1030 3851 1144 3882 thereof
1152 3860 1186 3881 or
1201 3850 1266 3882 the-

200 3893 302 3922 reout‚
321 3895 373 3916 our
388 3886 514 3925 Purpose
533 3887 617 3927 being
639 3897 670 3918 to
687 3888 765 3918 leave
784 3887 832 3917 the
853 3887 939 3918 other
963 3889 1038 3920 third
1055 3890 1121 3921 Part
1137 3891 1175 3928 by
1195 3889 1265 3921 Law

199 3923 358 3963 belonging
373 3934 446 3956 unto
459 3925 524 3964 Us',
542 3937 571 3957 as
585 3938 600 3958 a
618 3926 746 3958 Reward
759 3926 806 3957 for
823 3925 874 3957 the
890 3925 997 3958 Benefit
1012 3928 1049 3958 of
1061 3938 1114 3959 our
1134 3927 1267 3968 Leffees,

200 3961 271 3995 who
285 3960 353 3992 shall
365 3966 438 3994 farm
450 3963 500 3995 the
515 3964 599 3996 same⁴

239 4048 269 4079 4.
286 4038 370 4070 That
385 4035 524 4080 although
541 4043 579 4081 by
601 4043 649 4073 the
668 4043 761 4081 Law,
781 4043 831 4075 the
852 4042 1011 4074 Recusants
1031 4042 1217 4083 themselves,
1235 4054 1269 4074 or

196 4077 256 4120 ’any
269 4079 353 4108 other
364 4085 397 4107 to
411 4077 484 4108 their
501 4079 594 4118 Uses,
611 4081 706 4120 ought
721 4089 775 4113 not
790 4090 822 4114 to
836 4082 911 4115 have
926 4082 1027 4115 Leases
1038 4083 1075 4115 of
1081 4083 1155 4116 their
1171 4082 1270 4115 Lands

250 4120 326 4152 nm,
341 4118 398 4146 ιΧ.
415 4117 451 4147 Ρ.
464 4118 507 4147 11.
1206 4120 1269 4158 fort

1265 505 1319 534 ge,
1344 497 1434 526 versus
1458 496 1540 534 Nos,
1560 496 1688 526 Heredes
1708 495 1740 526 &
1757 493 1936 526 Successores
1958 496 2085 535 nostros,
2103 498 2137 528 ad
2158 509 2260 531 omnes
2278 504 2324 534 in-

1264 536 1419 571 tentiones,
1437 535 1667 565 construetiones
1680 535 1712 564 δε
1736 534 1893 571 propolim,
1912 534 2026 571 prefatis
2046 536 2086 566 T.
2104 536 2149 567 M.
2174 539 2207 569 &
2222 540 2261 570 T.
2281 542 2325 573 T.

1265 572 1470 603 Executoribus
1483 574 1515 603 δε
1533 573 1683 611 Affignatis
1696 572 1763 609 suis⁷
1781 572 1935 602 secundum
1954 582 2052 604 veram
2062 576 2253 608 intentionem
2266 587 2327 618 ‚te.

1266 620 1384 647 norem,
1401 610 1648 641 construfflonem
1670 612 1702 641 &
1720 611 1861 648 proposita
1883 612 2047 643 earundem.
2084 613 2122 644 Et
2138 616 2215 654 quod
2231 618 2327 655 prola-

1266 649 1309 678 tio
1326 649 1480 678 earundem
1495 649 1539 678 vel
1552 649 1769 686 exemplificatio
1784 649 1867 688 inde,
1887 650 1916 679 in
1933 660 2101 691 quacunque
2117 652 2205 686 Curia
2229 656 2326 690 nostra

1267 686 1301 716 ὃς
1316 696 1415 716 coram
1428 686 1645 725 quibuscunque
1659 687 1807 725 Judicibus
1824 688 1924 718 nostris
1934 711 1943 726 ,
1959 689 2049 721 valida
2066 691 2097 722 ὃς
2111 691 2254 725 sufficiens
2268 697 2329 727 exi·

1268 724 1339 762 stet,
1357 724 1413 754 fine
1429 725 1523 762 aliquo
1539 725 1664 755 ulteriori
1680 724 1788 755 Placito
1796 726 1831 756 de
1846 726 1986 758 Recordo
2002 729 2030 758 in
2058 730 2104 760 tali
2118 731 2222 770 Curia,
2242 734 2275 764 ad
2285 744 2329 765 re-

1268 762 1465 801 spondendum
1482 764 1515 794 &
1532 763 1759 800 exonerandum,
1779 765 1913 803 quicquid
1931 766 1960 796 in
1976 766 2020 797 his
2036 767 2135 800 Literis
2150 771 2253 802 nostris
2270 774 2328 804 Pa-

1268 802 1393 832 tentibus
1410 800 1551 839 concedi,
1569 802 1714 831 exonerari
1728 802 1772 831 vel
1786 802 2155 847 observarideclaravimus‚
2172 809 2330 843 secundum

1268 847 1398 870 tenorem
1416 840 1599 878 presentium,
1619 849 1679 869 non
1695 838 1826 870 obstante
1842 841 1914 871 male
1929 842 1961 872 &
1979 853 2038 873 non
2055 846 2132 877 reete
2153 848 2330 881 inveniendo

1268 877 1504 917 Inquisitionem‚
1523 878 1679 921 autaliquo·
1692 877 1804 908 defectu
1821 880 1851 908 in
1868 878 2051 916 inquisitione
2061 885 2203 926 prediola,
2222 898 2272 920 aut
2284 890 2329 921 ul-

1269 917 1299 947 lo
1314 918 1429 948 defeeru
1442 925 1519 947 certe
1532 915 1744 947 informationis
1756 916 1803 947 vel
1818 923 1878 947 non
1895 918 2043 950 recitando
2056 923 2100 952 vel
2122 926 2192 956 male
2207 929 2330 959 recitan-

1271 956 1328 993 do,
1345 956 1392 985 vel
1409 965 1467 986 non
1482 955 1604 993 plenarie
1619 954 1664 984 vel
1678 955 1756 985 reete
1772 955 1916 986 recitando
1937 956 2057 995 aliquam
2080 960 2330 998 Commiffionem

1270 994 1316 1025 vel
1338 993 1580 1032 Commiffiones‚
1607 992 1821 1031 Inquilitionem
1843 994 1888 1026 vel
1912 994 2107 1033 Inquilitiones
2125 1005 2330 1038 premissorum

1272 1032 1318 1063 vel
1334 1033 1449 1067 alicuius
1463 1033 1530 1064 inde
1547 1033 1630 1070 partis
1645 1032 1689 1063 vel
1710 1032 1848 1069 parcelle,
1866 1032 2110 1067 IndiClamentum
2134 1041 2181 1071 vel
2204 1041 2333 1075 indicta-

1275 1079 1388 1108 menta,
1408 1070 1639 1102 Convidfionem
1656 1071 1700 1100 vel
1718 1069 1929 1103 Convictiones
1943 1072 2051 1110 Judicii
2073 1077 2116 1106 vel
2129 1077 2313 1116 Judiciorum

1273 1118 1321 1139 aut
1334 1119 1394 1140 non
1408 1109 1554 1141 recitando
1574 1117 1620 1140 aut
1634 1119 1697 1139 non
1711 1109 1787 1138 reete
1805 1111 1952 1141 recitando
1975 1112 2019 1143 vel
2033 1117 2244 1149 mentionando
2281 1105 2334 1152 ve:

1274 1158 1338 1178 rum
1357 1157 1482 1178 annuum
1504 1147 1630 1178 valorem
1647 1147 1849 1183 premissorum
1871 1149 1916 1178 vel
1939 1149 2055 1189 alicujus
2077 1154 2143 1184 inde
2164 1142 2265 1195 partisz
2285 1167 2334 1191 aut

1275 1196 1335 1216 non
1354 1187 1556 1225 particulariter
1576 1185 1764 1223 exprimendo
1786 1187 1831 1217 vel
1854 1186 2041 1225 specificando
2058 1193 2185 1227 predicta
2203 1198 2336 1235 premiffa

1268 1225 1321 1264 Vvel
1334 1226 1456 1264 aliquam
1471 1225 1537 1268 inde
1553 1233 1679 1269 partem,
1696 1224 1743 1255 vel
1756 1227 2069 1264 naturan›‚qualitatem
2085 1231 2118 1261 ὃς
2132 1235 2338 1267 cermudinem

1275 1263 1362 1302 inde,
1380 1272 1426 1294 aut
1440 1263 1558 1302 alicujus
1572 1263 1641 1294 inde
1655 1264 1754 1301 partis:
1774 1263 1834 1294 Aut
1855 1274 1915 1294 non
1932 1267 2078 1297 recitando
2100 1279 2146 1301 aut
2166 1274 2240 1305 male
2262 1276 2339 1306 reci..

1266 1303 1364 1344 *tando
1377 1303 1503 1342 aliquam
1518 1301 1657 1333 Seisuram
1672 1302 1820 1333 difflorum
1835 1304 2050 1344 premissorum,
2068 1316 2115 1338 aut
2134 1310 2250 1349 alicujus
2268 1314 2337 1345 inde

1278 1343 1365 1379 partis
1379 1342 1425 1372 vel
1441 1341 1578 1379 parceHe,
1600 1340 1645 1371 vel
1659 1350 1718 1371 non
1737 1341 1885 1372 recitando
1900 1342 1945 1373 vel
1967 1344 2040 1374 male
2054 1347 2201 1379 recitando
2216 1351 2339 1388 aliquam

1278 1379 1486 1413 Dimiffionem
1513 1380 1557 1411 vel
1577 1377 1825 1418 Conceffionem,
1851 1379 2040 1413 Dimiffiones
2057 1393 2104 1415 aut
2130 1386 2342 1422 Conceffiones

1278 1419 1480 1456 premissorum
1504 1427 1551 1449 aut
1572 1419 1688 1455 alicujus
1703 1418 1770 1449 inde
1788 1418 1924 1458 pmcne,
1943 1420 1978 1450 de
1999 1420 2140 1454 Recordo
2159 1427 2207 1457 vel
2226 1438 2285 1459 non
2304 1429 2342 1460 de

1278 1456 1421 1500 Recordo
1437 1465 1500 1488 ante
1515 1458 1569 1488 hac
1584 1457 1687 1500 factas:
1707 1457 1745 1488 Et
1760 1467 1822 1488 non
1835 1458 1966 1489 obstante
1980 1469 2040 1490 non
2055 1462 2227 1499 separatione
2242 1468 2287 1498 vel
2296 1467 2341 1498 di-

1278 1498 1404 1534 vilione,
1422 1495 1466 1526 vel
1482 1496 1554 1527 mala
1570 1495 1707 1526 diwfione
1729 1495 1888 1528 nostrarum
1903 1497 2023 1528 duarum
2046 1502 2170 1538 partium
2188 1505 2218 1534 in
2236 1506 2343 1543 separa-

1277 1534 1368 1572 litate,
1387 1544 1403 1564 a
1418 1534 1499 1564 tertia
1513 1542 1591 1571 parte
1606 1533 1708 1571 prefati
1722 1533 1762 1564 T.
1777 1535 1817 1564 T.
1831 1535 1868 1564 de
1882 1544 1929 1566 aut
1944 1537 1973 1565 in
1990 1539 2139 1574 premiffis:
2157 1541 2196 1572 Et
2212 1554 2272 1574 non
2285 1545 2344 1575 ob-

1279 1572 1371 1604 stante
1382 1573 1520 1611 aliquibus
1534 1572 1817 1611 imperfezstionibus,
1830 1573 1999 1605 defeetubus
2013 1577 2060 1608 vel
2074 1579 2275 1613 omissionibus
2283 1583 2347 1622 qui-

1279 1611 1457 1651 buscunque:
1476 1610 1516 1643 Et
1531 1621 1592 1642 non
1610 1610 1741 1641 obstante
1756 1611 1850 1649 aliquo
1865 1612 1910 1642 vel
1925 1613 2063 1651 aliquibus
2073 1615 2286 1653 Indietamento
2300 1620 2347 1654 vel

1279 1650 1497 1683 indietamentis
1511 1675 1521 1688 ,
1543 1650 1744 1681 Convictione
1764 1651 1811 1681 vel
1830 1649 2075 1684 Convictionibus
2098 1655 2167 1687 dieti
2190 1658 2231 1688 T.
2246 1660 2287 1691 T.
2303 1670 2347 1691 ra-

1282 1688 1361 1721 tione
1376 1689 1547 1722 Recusantie
1562 1691 1607 1720 sue
1621 1689 1667 1720 vel
1681 1689 1803 1720 absentie
1813 1688 1858 1719 sue
1873 1690 1908 1719 ab
1923 1689 2047 1722 Ecclefia
2060 1694 2103 1723 vel
2118 1693 2271 1737 Ecclesiis‚
2289 1698 2349 1730 Ca-

1281 1729 1353 1768 pella
1366 1729 1412 1761 seu
1429 1729 1486 1759 aliis
1500 1729 1570 1759 locis
1587 1729 1755 1759 communis
1772 1727 1947 1759 precationis
1964 1740 2030 1761 ante
2046 1732 2098 1762 hac
2116 1733 2217 1766 habitis
2233 1737 2280 1769 seu
2295 1748 2349 1769 un-

1283 1778 1370 1806 quam
1386 1767 1575 1807 imposterum
1592 1767 1745 1798 habendis:
1762 1766 1802 1798 Et
1816 1777 1876 1797 non
1897 1768 2030 1800 obstante
2047 1771 2101 1802 ulla
2124 1773 2206 1813 Lege
2223 1777 2269 1808 vel
2292 1777 2350 1807 Le-

1283 1808 1365 1846 gibus
1373 1806 1385 1845 ‚'
1401 1807 1516 1838 Statuto
1536 1806 1581 1836 vel
1595 1806 1726 1843 Statutis‚
1744 1807 1773 1836 in
1790 1807 1880 1836 Annis
1892 1807 2014 1847 vicejfimo
2021 1814 2120 1848 tertio,
2139 1813 2263 1852 vicefimo
2271 1816 2349 1845 otla-

1284 1853 1322 1875 το
1337 1855 1384 1876 aut
1397 1845 1525 1886 tricqfimo
1538 1848 1633 1885 quinto
1654 1854 1744 1881 nuper
1760 1843 1873 1883 Regine
1896 1845 2082 1887 Elizabethe,
2103 1850 2134 1880 ὃ(
2157 1852 2238 1883 dicio
2262 1854 2352 1885 Anno

1284 1888 1367 1914 tertio
1381 1885 1451 1915 dieti
1466 1883 1668 1922 prechariffimi
1685 1883 1773 1914 Patris
1793 1883 1881 1914 nostri
1896 1884 2000 1922 Jacobi
2015 1897 2106 1924 nuper
2121 1889 2213 1929 Regis
2224 1893 2346 1931 Anglie‚

1284 1932 1332 1955 aut
1346 1933 1449 1954 eorum
1466 1924 1622 1961 aliquibus,
1640 1932 1704 1953 ante
1719 1922 1775 1953 hac
1792 1923 1822 1952 in
1845 1926 2022 1954 contrarium
2037 1925 2117 1957 factis
2140 1929 2173 1959 ὃς
2195 1931 2291 1961 editisz
2310 1931 2349 1962 Et

1285 1972 1345 1992 non
1360 1962 1493 1993 obstante
1508 1962 1586 2001 quod
1602 1961 1745 1999 predietus
1760 1960 1791 1991 T
1818 1960 1865 1991 M.
1884 1963 2012 1999 prediola
2027 1966 2158 2001 premiffa
2170 1969 2215 1999 vel
2229 1969 2350 2007 aliquam

1286 2001 1354 2032 inde
1369 2011 1498 2042 partem,
1516 2002 1568 2032 sub
1583 1999 1755 2032 confidentia
1770 2000 1860 2036 aliqua
1875 2000 1919 2030 vel
1936 2001 1969 2031 ad
1994 2004 2072 2033 usum
2091 2005 2136 2035 vel
2156 2006 2190 2036 ad
2213 2017 2354 2040 commo·

1287 2040 1357 2070 dum
1375 2040 1494 2078 predicti
1508 2039 1549 2069 T.
1564 2039 1604 2070 T.
1623 2040 1729 2076 ceperit
1746 2039 1790 2068 vel
1813 2039 1956 2070 habuerit:
1980 2040 2017 2071 Et
2038 2051 2098 2072 non
2116 2044 2250 2077 obstante
2273 2048 2354 2085 quod

1287 2078 1323 2108 de
1338 2079 1502 2116 hujusmodi
1518 2077 1708 2115 confidentia,
1724 2076 1772 2107 usu
1788 2077 1832 2119 vel
1848 2079 2008 2110 commodo
2022 2081 2050 2111 in
2064 2083 2237 2119 presentibus
2251 2095 2311 2115 non
2319 2085 2352 2117 fit

1289 2119 1407 2148 mentio.
1447 2118 1558 2149 Statuto
1581 2117 1675 2154 aliquo
1699 2117 1727 2145 in
1751 2116 1917 2156 huJulmodi
1938 2121 2002 2147 calu
2021 2120 2100 2150 edito
2118 2132 2179 2152 non
2204 2123 2354 2163 obstante3

1287 2154 1326 2187 Et
1344 2166 1403 2186 non
1417 2156 1596 2187 obst-antibus
1612 2155 1749 2192 aliquibus
1764 2155 1823 2184 allis
1839 2154 1955 2185 Statutis
1972 2157 2017 2187 vel
2033 2158 2164 2190 Actubus
2179 2161 2354 2193 Parliamen-

1286 2195 1308 2224 ti
1332 2203 1397 2225 ante
1419 2196 1473 2226 hac
1495 2194 1597 2225 habitis
1619 2194 1666 2224 seu
1686 2193 1780 2230 factis,
1809 2195 1990 2230 tangentibus
2016 2196 2234 2238 Recusantiam‚
2253 2202 2300 2232 vel
2321 2211 2352 2231 a·

1285 2233 1362 2302 aqua
1384 2233 1437 2264 alia
1455 2243 1486 2264 re
1501 2256 1512 2271 ,
1536 2232 1616 2263 causa
1639 2231 1686 2263 vel
1702 2232 1816 2262 materia
1839 2242 2010 2272 quacunque
2032 2236 2063 2266 in
2086 2236 2183 2276 aliquo
2208 2248 2271 2271 non
2296 2241 2352 2275 ob!

1311 2280 1386 2302 ante.

1323 2309 1370 2341 Eo
1385 2309 1465 2348 quod
1479 2309 1604 2349 expressa
1618 2310 1746 2348 mentio,
1763 2309 1826 2343 &c-

1323 2386 1359 2419 In
1376 2388 1455 2427 cujus
1474 2388 1530 2426 rei,
1548 2389 1612 2421 &c-

1912 2465 1968 2497 Per
1985 2466 2069 2506 ipsiaem
2087 2471 2197 2508 Regem}

1296 2628 1507 2664 Instruetions
1528 2628 1744 2663 mentionnees
1768 2627 1842 2664 dans
1865 2628 1891 2662 la
1916 2629 2107 2676 precedente
2132 2633 2360 2673 (Σοῐτπηὶίῖῑοῃ.1

1294 2763 1482 2796 instructions
1504 2764 1538 2795 ὃς
1561 2763 1670 2793 Ordres
1689 2773 1762 2803 pour
1782 2763 1819 2795 les
1835 2763 2055 2797 Commiffaires
2078 2766 2114 2797 de
2132 2779 2186 2799 nos
2207 2768 2362 2803 Revenus'

1331 2812 1489 2841 provenans
1503 2802 1538 2832 de
1552 2802 1576 2832 la
1590 2802 1774 2834 confiscation
1796 2803 1846 2834 des
1865 2804 1942 2834 biens
1960 2804 2008 2834 des
2026 2804 2170 2839 Recusans
2185 2796 2363 2843 convaincu}

1334 2843 1403 2873 dans
1415 2842 1453 2872 les
1467 2842 1617 2880 Quartiers
1635 2842 1674 2871 du
1687 2841 1720 2871 N
1723 2842 1776 2872 ord
1789 2843 1824 2873 de
1840 2852 1875 2873 ce
1888 2841 2054 2882 Royaume.

1299 2930 1325 2952 1.
1347 2922 1400 2974 Α
1409 2921 1479 2948 Yant
1491 2917 1582 2947 donne‘
1589 2918 1734 2948 crdevant
1749 2925 1826 2948 notre
1839 2919 2002 2958 Commtffion
2013 2931 2049 2950 au
2057 2922 2165 2953 Grand-
2173 2925 2255 2954 Sceau
2264 2925 2362 2956 d'Ans

1417 2957 1552 2996 gleoerre,
1571 2955 1609 2991 (ἂν
1625 2966 1712 2996 ayant
1735 2957 1830 2996 defflm
1848 2958 1865 2987 ἆ
1875 2960 1983 2997 present
2004 2959 2037 2988 de
2060 2959 2090 2988 la
2112 2961 2301 3001 reneuveller,
2318 2962 2358 2998 &-

1299 2997 1331 3026 de
1345 2995 1504 3035 l’aslreffer,
1518 3003 1585 3033 pour
1601 2999 1689 3025 mieux
1704 2996 1828 3034 dipacher
1846 3004 1914 3025 cette
1927 2997 2027 3035 affaire
2042 3019 2052 3034 ‚
2070 3009 2106 3027 au
2121 3000 2359 3032 LordArcheve·

1299 3046 1349 3075 que
1365 3034 1519 3069 d'Yorck,
1548 3034 1680 3063 au2Lord
1691 3034 1825 3072 Trisstrier
1841 3035 1861 3063 d
1872 3035 2049 3072 ’Angleterre
2065 3047 2098 3065 ou
2120 3048 2188 3067 ceux
2226 3043 2254 3068 ut'
2274 3039 2298 3068 le
2332 3052 2362 3070 e-

1299 3080 1380 3110 ront,
1400 3084 1434 3102 au
1454 3072 1536 3101 Lord
1549 3073 1687 3111 Pri-{fidem
1701 3073 1732 3101 a'e
1749 3081 1827 3102 notre
1843 3073 1950 3111 Cunfi’il
1965 3073 2049 3102 [tabli
2069 3074 2140 3104 dans
2155 3075 2180 3104 le
2225 3078 2276 3106 ord
2341 3078 2362 3108 ὰ

1297 3113 1318 3141 d
1324 3113 1442 3148 'autres-2
1462 3110 1528 3147 ainfi
1549 3121 1599 3150 que
1621 3110 1676 3138 cela
1699 3122 1716 3139 a
1735 3112 1780 3139 e‘te‘
1794 3113 1927 3149 pratique'
1944 3114 1967 3139 ci
1981 3111 2106 3149 devant,
2123 3121 2189 3150 pour
2211 3116 2317 3146 donner
2340 3117 2361 3147 ἆ

1300 3149 1393 3186 louage
1416 3149 1454 3177 les
1474 3152 1568 3178 Terres
1590 3147 1628 3182 (ῤ’
1652 3148 1690 3177 les
1712 3151 1817 3177 Fermes
1842 3149 1887 3178 des
1903 3148 2037 3188 Retuflms
2052 3153 2098 3188 qui
2107 3150 2176 3189 fimt
2199 3158 2361 3185 convaincus

1299 3199 1332 3217 ou
1350 3192 1396 3227 qui
1411 3186 1434 3216 le
1449 3185 1562 3226 strom,
1580 3185 1597 3214 ἃ
1619 3186 1664 3215 des
1678 3194 1767 3217 rentes
1789 3186 1945 3226 annuelles,
1961 3192 2007 3228 qui
2025 3190 2144 3220 devront
2164 3202 2229 3222 nous
2248 3203 2282 3224 en
2304 3193 2362 3225 ειη

1296 3229 1389 3266 paye‘es
1404 3226 1422 3255 ax
1438 3232 1515 3255 notre
1529 3232 1683 3263 avantage.
2360 3227 2365 3231 ’

1338 3352 1365 3373 2,
1385 3343 1465 3372 Nous
1486 3351 1575 3372 avons
1595 3341 1661 3379 juge‘
1674 3340 1693 3369 ὲ
1716 3348 1827 3380 propos,
1845 3340 1884 3376 ῤ’
1906 3342 1973 3381 qu'il
1989 3344 2054 3373 e‘toit
2075 3345 2218 3385 nesceffizire
2234 3346 2267 3378 de
2291 3353 2366 3381 votes

1302 3382 1402 3413 donner
1417 3380 1453 3410 les
1468 3383 1496 3410 in
1522 3381 1641 3411 ruffions
1650 3380 1798 3419 fitivantes
1808 3404 1817 3419 ,
1833 3380 1891 3422 afin
1904 3382 1936 3410 de
1955 3392 2022 3411 vous
2039 3383 2123 3420 regler
2142 3386 2213 3415 dans
2234 3394 2276 3417 cet
2292 3390 2363 3419 Em-

1296 3421 1371 3461 plor,
1389 3419 1491 3460 leffiuel
1503 3430 1528 3448 es
1541 3429 1606 3448 nous
1620 3418 1735 3449 voulons
1749 3430 1799 3458 que
1817 3419 2006 3457 vbu-‘suivst’z
2021 3420 2057 3455 ὠ
2069 3422 2212 3461 Ohftrviez
2225 3426 2295 3456 dam
2309 3427 2360 3457 ΓΕ·

1301 3463 1428 3491 κέῑιιῑίοη
1451 3458 1485 3487 de
1506 3465 1575 3487 cette
1596 3457 1777 3498 Commiffion,
1802 3466 1868 3496 pour
1895 3467 2052 3494 augmenter
2071 3469 2149 3491 notre
2169 3467 2283 3494 Revenu
2321 3465 2362 3501 ὥσ

1296 3509 1364 3539 pour
1379 3501 1510 3537 pre‘venir
1526 3496 1562 3525 les
1576 3497 1642 3526 abus
1656 3508 1705 3538 que
1720 3496 1756 3526 les
1769 3495 1970 3535 sous-Sherifs,
1990 3498 2027 3527 les
2044 3499 2158 3539 Baillfi·
2170 3501 2257 3536 &les
2269 3489 2364 3534 mitres

1301 3536 1423 3606 Qffijiem
1441 3533 1587 3575 irffdrieurs
1608 3542 1782 3566 commonent
1803 3534 2005 3572 journellement
2030 3547 2065 3567 en
2084 3537 2122 3570 les
2142 3539 2244 3572 levant
2260 3548 2298 3578 (9⁶
2319 3552 2367 3579 ret

1301 3579 1357 3607 cuei
1369 3576 1438 3607 lant.

1342 3702 1368 3734 3.
1386 3692 1450 3732 Qe
1469 3701 1517 3723 nos
1532 3690 1724 3730 Commzffirires
1741 3693 1823 3729 ayent
1838 3688 1988 3728 drdfi’rver
2002 3700 2069 3731 pour
2085 3701 2164 3725 notre
2173 3696 2294 3734 partdes
2301 3698 2369 3729 Teri

1301 3743 1363 3771 res,
1380 3735 1484 3761 Fermes
1503 3730 1541 3766 (ξφ
1558 3732 1703 3766 Heritages
1725 3729 1769 3757 dm
1786 3728 1936 3767 Recufims,
1950 3739 2003 3769 par
2019 3743 2070 3761 une
2084 3741 2159 3763 rente
2176 3735 2303 3766 annuelle
2319 3741 2369 3777 qui

1302 3782 1368 3801 nous
1390 3771 1479 3801 devra
1493 3769 1551 3798 titre
1563 3769 1644 3807 paye‘e
1659 3776 1717 3796 tous
1731 3765 1766 3795 les
1774 3766 1821 3806 fix
1836 3770 1917 3806 mois,
1937 3780 1974 3798 un
1989 3770 2056 3810 juste
2070 3775 2136 3800 tiers
2149 3773 2219 3804 ultra
2234 3776 2367 3814 repri1a8‚

1300 3808 1366 3849 sans
1380 3813 1462 3839 avoir
1479 3807 1561 3844 {gard
1576 3817 1633 3835 aux
1657 3804 1813 3842 transports
1834 3803 2009 3844 frauauleux
2036 3808 2073 3844 ἐν
2092 3821 2149 3840 aux
2171 3812 2297 3843 embaras
2317 3825 2368 3853 que

1303 3849 1362 3878 l’on
1377 3852 1490 3878 invente
1499 3853 1552 3883 par
1569 3851 1680 3881 rapport
1696 3842 1714 3872 ἂ
1732 3853 1770 3872 ces
1783 3844 1858 3874 biens
1868 3867 1877 3882 ‚
1895 3853 1973 3875 notre
1990 3851 2125 3877 intention
2149 3852 2227 3881 e‘tant
2250 3853 2282 3881 de
2299 3851 2364 3889 larfi

1298 3887 1345 3927 fi’r
1358 3887 1371 3916 l
1376 3887 1465 3916 ’autre
1480 3887 1560 3919 tlers,
1579 3893 1624 3921 qm
1646 3892 1710 3910 nous·
1734 3888 1890 3920 appartient
1904 3884 1936 3913 de
1953 3884 2027 3914 droit
2037 3908 2046 3923 ,
2061 3896 2128 3924 pour
2152 3892 2287 3929 re'compen
2301 3902 2314 3919 e
2328 3898 2363 3920 en

1298 3926 1410 3966 faveur
1425 3924 1458 3955 de
1471 3932 1515 3952 no»
1534 3920 1753 3951 Admodiateurs
1766 3924 1811 3961 qui
1827 3921 1864 3952 les
1876 3923 2029 3962 prendront
2044 3924 2062 3954 ἀ
2074 3924 2171 3964 ferme.

1343 4052 1372 4082 4.
1392 4043 1457 4082 Qut*
1471 4042 1585 4082 quoique
1599 4050 1651 4081 par
1668 4037 1696 4083 la
1713 4042 1783 4078 Loi,
1798 4039 1837 4070 les
1850 4038 1986 4081 Recusbns
1999 4044 2180 4083 eux-memes,
2198 4048 2229 4075 ni
2243 4043 2373 4078 d'autres

1306 4094 1339 4115 en
1353 4083 1426 4114 leurs
1446 4090 1539 4119 norm,
1565 4091 1598 4110 ue
1613 4079 1729 4118 puiffent
1748 4080 1869 4118 prendre
1886 4081 1904 4110 ἁ
1925 4081 2011 4121 ferme
2026 4082 2097 4115 leurs
2114 4086 2206 4115 Terrcs
2217 4107 2227 4122 ‚
2248 4088 2294 4125 qui
2309 4094 2375 4117 noar

2308 4122 2378 4163 svn}
