2561 4263
862 152 971 192 ET
1036 154 1291 196 ACTA

112 228 188 259 Ann.
202 227 243 260 D.
258 236 357 267 ciirbet
370 235 472 267 Militis
487 235 518 266 &
537 233 680 266 Baronetti
690 257 699 272 ‚
719 235 821 266 Wardi
837 236 924 267 nostri
939 238 1128 278 spediantem3
1146 239 1181 269 Et
1192 240 1318 276 dirigun-

130 267 217 308 1638.
259 283 305 304 tur
325 277 361 307 he
379 276 475 305 Litere
490 272 662 303 Reverendo
680 275 708 302 in
725 274 843 316 Christo
859 276 952 315 Patri,
970 287 1002 307 ac
1018 278 1149 308 Domino
1162 278 1317 314 Richardo,

107 310 161 335 An.
183 316 225 341 ¹4·
261 313 443 351 permistione
460 311 557 342 divina
574 312 747 351 Norwicenfi
761 313 914 351 Epiicopo.

108 348 171 373 «Tar.
196 354 220 372 ι.
297 351 387 383 Teste
405 351 488 389 Rege
506 349 580 387 apud
599 349 875 390 Wstmonaslerimii,
894 352 1028 383 vicesimo
1043 353 1119 384 sexto
1135 353 1182 384 die
1199 354 1281 393 Julii.

744 427 797 456 Per
816 430 909 458 Breve
926 425 958 458 a'e
977 431 1096 460 Privato
1113 430 1214 468 Sigillo.

295 499 462 534 Willielmus
475 504 624 540 Farrowe,
642 502 789 539 Clericus,
807 503 836 534 S.
853 504 893 535 T.
910 505 931 535 B
961 506 1043 537 habet
1063 507 1224 538 consimiles
1238 506 1316 537 Lite-

255 541 428 572 rasPatenies
442 542 477 571 de
494 542 693 579 presentatione
710 542 745 572 ad
765 543 930 573 Restoriam
948 544 1073 576 Ecclesie
1097 545 1261 583 parochialis
1280 546 1317 575 de

256 578 396 619 Knaptoft
406 604 415 617 ,
433 580 563 610 Diocelis
579 579 739 617 Lincolnie,
757 581 811 617 jam
828 592 975 612 vacantem
989 606 998 621 ‚
1018 585 1050 614 δε
1064 583 1097 613 ad
1113 584 1237 614 nostram
1252 593 1316 627 pre-

210 639 216 644 .
257 618 444 649 sentationem
467 629 514 655 per
535 618 638 656 lapsum
663 620 817 657 temporis,
836 622 1002 658 pravitatem
1026 622 1176 660 Simonie,
1201 621 1245 650 vel
1260 622 1316 651 alio

256 667 434 695 quocunque
448 656 538 686 modo
553 666 604 695 pro
623 657 675 686 hac
691 658 754 687 vice
768 658 962 697 speetantem3
985 660 1022 690 Et
1042 659 1196 703 diriguntur
1210 659 1246 689 he
1265 659 1317 688 Ll-

259 704 318 727 tere
336 694 585 726 Reverendiffimo
601 696 630 724 in
647 694 766 725 Christo
782 697 856 726 Patri
872 707 905 727 ac
922 697 1058 728 Domino
1069 720 1078 735 ‚
1098 698 1236 728 Domino
1257 700 1316 740 Gu-

258 733 362 771 lielmo,
381 732 560 772 providentia
574 733 672 764 divina
680 735 869 774 Cantusrienfi
879 736 1106 773 Archiepiscopo
1118 759 1128 774 ,
1148 736 1209 771 &c.
1230 745 1316 766 ratio-

259 783 297 803 ne
311 771 503 810 Suspensionis
518 771 654 810 Episcopi
671 773 819 803 Bathonie.

296 809 385 841 Teste
405 809 486 849 Rege
503 811 576 848 apud
595 810 866 851 Westmonirsterium,
885 813 987 849 quinto
1001 810 1046 841 die
1059 814 1145 842 Maii.

165 506 208 535 18.

738 890 793 918 Per
813 891 906 917 Breve
923 887 956 917 de
972 889 1095 918 Privato
1111 887 1212 927 Sigillo.

149 975 207 999 «ιτ.
291 964 407 996 wama:
420 965 526 1005 Early,
554 966 703 1003 Clericus,
728 964 765 995 A.
783 963 831 994 Μ.
848 963 932 994 habet
950 963 1112 995 consimiles
1130 965 1236 997 Literas
1260 966 1318 998 Pa*

254 1011 344 1035 tentes
364 1005 400 1036 de
420 1006 626 1043 presentatione
646 1005 680 1034 ad
702 1001 962 1033 Sub-Decamtum
986 1002 1115 1034 Ecclesie
1139 1003 1316 1036 Cathedralis

256 1042 412 1082 Wllensts,
431 1044 522 1074 modo
534 1053 582 1080 per
593 1044 710 1072 liberam
725 1043 757 1072 &c
775 1040 958 1079 spontaneam
967 1040 1201 1081 Refignationem
1217 1043 1315 1074 Reve-

254 1082 334 1113 rendi
348 1092 377 1111 in
386 1081 506 1112 Christo
520 1081 609 1110 Patris
621 1090 654 1110 ac
664 1079 789 1109 Domini
805 1077 950 1116 Gulielmi,
969 1081 1081 1117 Bangor
1090 1080 1239 1119 Episcopi,
1250 1083 1315 1113 ulti-

254 1121 296 1150 mi
312 1120 501 1151 Sub-Decani
516 1119 639 1157 ejusdem
656 1126 803 1148 vacantem
815 1139 824 1153 ,
841 1117 873 1147 &
892 1117 926 1147 ad
941 1118 1067 1161 nostram
1078 1120 1315 1157 presentationem

254 1158 312 1190 five
325 1158 529 1195 donationem,
549 1167 598 1194 per
613 1157 836 1194 promotionem
861 1155 932 1185 dieti
953 1155 1088 1195 Episcopi
1110 1161 1239 1197 Bangor,
1261 1170 1315 1198 pro

253 1198 307 1227 bac
323 1199 387 1227 vice
400 1196 591 1236 speetantem3
609 1195 647 1224 Et
662 1194 821 1231 diriguntur
836 1194 873 1224 he
888 1194 984 1225 Litere
1000 1196 1170 1227 Reverendo
1187 1199 1216 1227 in
1227 1197 1315 1229 Chri-

255 1235 300 1266 sto
315 1235 391 1265 Patri
411 1245 445 1264 ac
469 1233 603 1264 Domino
623 1232 771 1271 Gulielmo,
798 1232 981 1271 permiffione
999 1234 1096 1266 divina
1121 1235 1261 1267 Bathonie
1279 1239 1313 1270 &

256 1272 380 1312 Wllenfi
398 1272 553 1310 Episcopo.
888 1310 892 1315 .
1160 1314 1166 1319 ⁴

288 1311 378 1342 Teste
389 1310 474 1350 Rege
487 1309 560 1349 apud
574 1308 846 1349 Westmonasterium,
866 1310 1002 1341 Vicesimo
1016 1311 1122 1343 oistavo
1138 1312 1183 1344 die
1196 1313 1314 1353 Aprilit.

738 1388 793 1417 Per
810 1390 902 1418 Breve
919 1386 951 1416 de
969 1389 1090 1418 Privato
1108 1388 1209 1427 Sigillo.

165 1471 207 1500 ιε,
295 1463 445 1495 Richardus
460 1464 608 1502 steward,
629 1463 664 1495 L.
680 1463 714 1494 L.
730 1462 771 1493 D.
791 1462 942 1500 Clericus,
958 1463 1047 1503 Regis
1058 1464 1249 1508 aConche,
1265 1468 1315 1498 ha-

255 1505 305 1535 bet
325 1505 432 1534 Literas
448 1503 578 1534 Parentes
590 1504 629 1532 de
640 1502 842 1539 presentatione
854 1503 887 1533 ad
903 1503 1116 1543 Canonicatum
1126 1507 1181 1536 sive
1193 1505 1315 1537 Prehen-

253 1544 321 1574 dam
345 1543 420 1572 illam
437 1543 564 1578 tertiam,
581 1540 653 1571 infra
675 1539 832 1570 Ecclefiam
858 1541 982 1570 nostram
1008 1541 1196 1579 collegiatam
1217 1547 1315 1575 Sanc‘li

252 1583 332 1611 Petri
345 1579 570 1619 Wstmonaflerii
579 1601 588 1616 ,
603 1580 662 1616 jam
680 1588 729 1616 per
744 1577 952 1610 transsationem
969 1580 1131 1620 Reverendi
1146 1582 1175 1612 iri
1193 1581 1312 1614 Christo

252 1620 342 1650 Patris
357 1618 483 1647 Matthei
497 1615 679 1656 Norwicenfis
702 1616 851 1654 Episcopi,
873 1618 906 1647 ad
933 1617 1134 1655 Episcopatum
1157 1620 1314 1661 Elienfim,

249 1658 344 1689 ultimi
361 1656 541 1686 Prebendarii
557 1656 683 1692 ibidem,
702 1665 852 1685 vacantem
864 1679 872 1693 ,
890 1657 923 1686 ὃς
935 1657 970 1686 ad
992 1657 1116 1688 nostram
1132 1659 1314 1692 collationem

249 1698 284 1728 δε
303 1696 418 1725 liberam
433 1694 647 1732 dispositionem
663 1694 748 1730 pleno
762 1694 824 1730 jure
839 1693 1019 1733 specstantem.

287 1733 377 1765 Teste
394 1733 479 1771 Rege
494 1733 568 1771 apud
585 1730 847 1771 Wstmonasterium
857 1756 866 1771 ,
881 1733 1021 1765 vicelimo
1032 1735 1132 1772 quinto
1145 1736 1189 1767 die
1197 1737 1316 1776 Aprilis.

736 1811 791 1839 Per
809 1811 902 1840 Breve
918 1811 950 1840 de
970 1813 1092 1843 Privato
1111 1813 1211 1853 Sigillo.

292 1886 458 1920 Wllielmus
469 1885 570 1924 Smith‚
588 1885 665 1917 S.T.
674 1886 704 1917 Β.
719 1886 804 1918 habet
822 1887 929 1918 Literas
942 1889 1073 1921 Parentes
1085 1891 1121 1921 de
1136 1892 1317 1929 presentatio-

254 1937 292 1959 ne
306 1928 340 1959 ad
355 1927 567 1958 Canonicatum
582 1925 639 1956 sive
654 1925 833 1956 Prebendam
855 1927 931 1956 illam
952 1930 1090 1968 primam,
1113 1931 1183 1960 infra
1211 1930 1316 1962 Eccle-

251 1967 320 1998 fiam
342 1965 469 1996 nostram
483 1964 685 1996 Cathedralem
703 1966 862 2002 PVigornie,
876 1965 937 2004 jam
960 1977 1009 2006 per
1025 1968 1211 2004 spontaneam
1230 1969 1314 2002 Refi-

249 2006 418 2044 gnationem
430 2003 561 2034 Richardi
574 2003 721 2040 Steward‚
741 2002 776 2033 L.
796 2003 831 2033 L.
845 2003 886 2034 D.
900 2005 993 2036 ultimi
1008 2006 1189 2038 Prebendarii
1207 2009 1313 2040 ibidem

247 2052 418 2082 vacantem,
441 2044 475 2075 &
497 2043 531 2073 ad
551 2041 678 2073 nostram
705 2042 891 2073 collationem
918 2044 1083 2077 &liberam
1105 2046 1316 2085 dispositionem

243 2083 332 2120 pleno
349 2082 410 2119 jure
428 2081 611 2120 spectantem.
816 2103 818 2105 >
840 2100 841 2103 ,

287 2120 377 2153 Teste
392 2120 474 2160 Rege
487 2120 562 2159 apud
579 2118 855 2160 Westmonasterimn‚
873 2121 1010 2153 vicesimo
1026 2123 1112 2154 tertio
1134 2123 1180 2156 die
1197 2125 1316 2164 Aprilis.

156 1909 170 1934 v1
174 1907 204 1937 5.

737 2199 791 2228 Per
811 2200 906 2229 Breve
922 2198 955 2229 de
973 2201 1094 2231 Privato
1112 2201 1213 2240 Sigillo-

288 2276 472 2307 'Abrahamus
487 2273 584 2315 Calcy‚
604 2274 752 2313 Clericus,
775 2274 859 2307 habet
878 2275 985 2307 Literas
999 2275 1134 2309 Patentes
1149 2278 1185 2310 de
1205 2281 1317 2318 presen-

254 2312 362 2348 tatione
373 2316 407 2345 ad
423 2314 591 2345 Reetoriam
607 2314 733 2345 Ecclesie
746 2314 910 2351 parochialis
920 2315 955 2346 de
966 2319 1077 2346 cumton
1092 2320 1212 2357 Martyn
1221 2342 1230 2357 ,
1239 2319 1315 2350 Dio-

251 2354 320 2385 cesis
337 2353 474 2385 Bathonie
489 2352 528 2387 ὠ·
546 2351 698 2393 Wellenfis,
713 2362 764 2390 per
779 2362 906 2384 mortem
919 2355 1072 2385 naturalem
1086 2356 1178 2387 ultimi
1195 2357 1317 2390 Incum-

252 2393 344 2424 bentis
358 2393 467 2424 ibidem
482 2393 537 2430 jam
553 2400 723 2429 vacantem,
742 2392 776 2424 &
789 2392 822 2421 ad
837 2392 962 2433 nostram
977 2394 1214 2432 presentationem
1231 2399 1314 2428 ratio-

250 2426 289 2462 rie
306 2431 423 2461 minoris
438 2432 517 2462 etatis
529 2433 635 2468 Georgii
650 2431 751 2470 Speake
769 2430 930 2470 Armigeri,
947 2434 1012 2470 (pro
1025 2433 1077 2463 hac
1094 2435 1171 2472 vice)
1187 2435 1315 2472 speetatr-

250 2477 329 2507 tem3
351 2470 388 2500 Et
403 2470 562 2504 diriguntur
576 2469 612 2498 he
633 2469 727 2499 Litere
741 2469 913 2500 Reverendo
930 2472 960 2500 iri
979 2469 1099 2502 Christo
1109 2472 1184 2503 Patri
1199 2484 1231 2505 ac
1247 2475 1314 2506 Do-

254 2509 336 2538 mino
353 2507 524 2545 Willielmo,
544 2507 725 2545 permistione
743 2507 842 2538 divina
866 2509 1003 2539 Bathonie
1026 2510 1065 2545 ό,
1084 2510 1187 2541 IVellen
1198 2523 1220 2543 15
1245 2513 1315 2552 Epi-

253 2546 270 2576 s
284 2557 303 2576 o
324 2557 351 2576 o.

266 2557 377 2616 ΕἹΕείὶε
396 2583 478 2624 Rege
491 2583 567 2622 apud
585 2583 862 2623 Wstmonasterium,
879 2585 1018 2616 vicesimo
1032 2586 1076 2617 die
1093 2587 1211 2626 Aprilir.

152 2282 200 2317 143

740 2662 795 2691 Per
813 2663 907 2692 Breve
923 2662 957 2692 de
976 2664 1096 2693 Privato
1110 2663 1212 2701 sigillo.

299 2741 395 2769 Petrus
412 2737 542 2775 Blowre,
561 2736 708 2776 Clericus,
731 2737 820 2768 habet
843 2737 947 2768 Literar
969 2738 1099 2771 Patentes
1116 2741 1152 2772 de
1176 2742 1317 2778 presenta-

163 2755 206 2783 ΣΞ·
257 2778 338 2809 tione
362 2778 398 2808 ad
419 2776 559 2807 Vicariam
580 2785 744 2815 perpetuam
762 2777 890 2808 Ecclesie
913 2779 1078 2815 parochialis
1099 2780 1135 2813 de
1163 2781 1315 2820 lfVestham‚

255 2815 388 2847 Diocefis
402 2819 528 2854 Exonie,
547 2826 593 2853 per
619 2824 744 2846 mortem
762 2817 916 2846 naturalem
935 2817 1029 2847 ultimi
1045 2816 1243 2849 Incumbentis
1261 2822 1317 2850 ibi-

249 2854 317 2885 dem
336 2856 395 2893 jam
414 2864 582 2890 vacantem,
607 2856 640 2885 &
660 2855 693 2884 ad
714 2855 839 2884 nostram
857 2854 1094 2892 presentationem
1123 2858 1222 2896 (pleno
1238 2859 1315 2897 jure)

250 2893 424 2929 spectantem
444 2905 455 2932 3
480 2893 516 2924 Et
532 2893 689 2930 diriguntur
708 2893 745 2924 he
761 2893 857 2923 Litere
880 2892 1057 2924 Reverendo
1080 2896 1107 2925 in
1129 2895 1246 2927 Christo
1265 2897 1315 2928 Pa-

252 2933 287 2961 tri
310 2941 343 2961 ac
368 2932 503 2962 Domino
521 2930 681 2970 Willielmo,
708 2931 889 2968 permistione
903 2932 999 2963 divina
1023 2935 1144 2964 London
1161 2935 1314 2974 Episcopo.

288 2969 377 3001 Teste
396 2970 480 3007 Rege
493 2971 567 3008 apud
579 2969 858 3009 chstmonasterium,
875 2970 991 3001 decimo
1005 2971 1083 3002 sexto
1098 2973 1144 3004 die
1160 2975 1279 3012 Aprilis.

732 3048 788 3076 Per
804 3048 898 3076 Breve
914 3046 947 3076 de
966 3050 1088 3079 Privato
1105 3050 1207 3088 sigillo.

288 3122 440 3153 Richardus
455 3120 585 3161 Marfhe,
604 3122 632 3152 S.
647 3122 688 3153 T.
705 3123 735 3152 P.
750 3122 834 3154 habet
850 3122 956 3155 Literas
972 3123 1103 3156 Parentes
1121 3121 1157 3157 de
1173 3127 1310 3164 presenta-

251 3162 330 3193 tione
355 3162 388 3192 ad
410 3162 554 3194 Vicariam
577 3171 739 3198 perpetuam
761 3161 888 3192 Ecclelie
909 3163 1077 3198 parochialis
1104 3165 1140 3195 de
1167 3166 1292 3204 Halifax

248 3200 379 3231 Diocesis
392 3200 424 3230 ὅτ
435 3200 640 3237 ,Ιυγίίόἰὲῖιόηίε
657 3199 833 3241 Eboracensis
844 3222 853 3237 ‚
871 3210 920 3237 per
934 3210 1055 3231 mortem
1070 3205 1224 3234 naturalem
1243 3205 1293 3234 ulti

247 3240 289 3267 rrii
307 3238 504 3268 incumbentis
524 3238 629 3268 ibidem
644 3238 704 3275 jam
726 3247 888 3274 vacantem,
915 3239 948 3269 &
970 3240 1004 3269 ad
1025 3240 1149 3271 nostram
1168 3241 1307 3279 presenta-

245 3278 356 3307 tionem
378 3276 476 3314 (pleno
489 3276 564 3314 jure)
586 3277 781 3314 spectantem,
801 3276 839 3307 Et
861 3277 1018 3316 diriguntur
1038 3279 1074 3308 he
1093 3278 1188 3311 Litere
1209 3281 1306 3313 Reve-

245 3314 412 3345 rendiffimo
432 3316 459 3344 in
471 3315 590 3345 Christo
606 3315 679 3345 Patri
696 3326 729 3345 ac
745 3316 878 3345 Domino
893 3316 1045 3354 Richardo,
1067 3319 1247 3354 providentia
1262 3321 1305 3352 di-

243 3353 312 3384 vini
328 3353 491 3393 Eboracenfi
504 3353 747 3392 Archiepiscopo,
765 3354 868 3391 Anglie
885 3354 1003 3385 Primati
1017 3356 1048 3386 ὃ(
1066 3356 1304 3397 Metropolitano.

279 3391 369 3422 Teste
390 3390 473 3430 Rege
487 3392 561 3430 apud
581 3392 852 3432 Wstmonasterium,
866 3392 943 3424 sexto
957 3394 1003 3425 die
1020 3395 1139 3432 Aprilis.

165 3143 208 3163 12.

1299 3190 1308 3205 ²

731 3471 785 3499 Per
802 3473 896 3500 Breve
916 3469 948 3499 de
963 3473 1082 3501 Privato
1101 3471 1200 3510 Sigillo.

150 3557 191 3577 ii.
279 3548 403 3575 Brianus
419 3547 534 3583 Duppa,
554 3545 583 3575 S.
599 3545 640 3575 T.
655 3547 688 3577 P.
710 3548 743 3578 &
779 3547 961 3578 recharissimi
983 3547 1032 3578 filii
1056 3547 1142 3578 nostri
1168 3553 1298 3590 Principe

242 3583 334 3613 Caroli
350 3584 465 3622 Tutor,
484 3584 570 3614 habet
589 3583 695 3615 Lite-ras
711 3595 750 3615 no
778 3596 818 3616 ras
832 3587 960 3616 Patentes
983 3587 1019 3617 de
1043 3588 1249 3624 presentatione
1267 3592 1301 3621 ad

242 3620 412 3652 Redioriam
427 3621 551 3652 Ecclesie
567 3622 585 3641 ²*
603 3624 768 3658 parochialis
784 3624 819 3654 de
834 3624 993 3663 Petworth,
1010 3624 1140 3655 Diocelis
1157 3629 1301 3667 cicestren-

236 3659 294 3699 fis,
308 3660 454 3698 vestreque
469 3659 676 3700 Cantuarienfis
691 3661 844 3692 Provincie
854 3686 863 3700 ,
882 3665 937 3700 jam
951 3674 999 3702 per
1014 3667 1229 3700 promotionem
1239 3667 1301 3698 Re-

241 3698 357 3729 verendi
373 3700 402 3729 in
418 3698 537 3729 Christo
554 3698 639 3728 Patris
655 3698 786 3729 Richardi
798 3710 887 3738 nuper
905 3702 1068 3742 Cicestrenfis
1084 3702 1238 3744 Episcopi,
1258 3707 1298 3737 ul-

240 3737 307 3768 timi
322 3738 519 3768 Incumbentis
530 3737 637 3767 ibidem
654 3738 754 3774 (quam
772 3748 839 3768 cum
855 3739 959 3770 eodem
974 3740 1144 3779 Episcopatu
1161 3744 1188 3772 in
1202 3743 1298 3774 Com-

245 3773 381 3806 mendam
395 3776 520 3813 retinuit)
543 3783 710 3811 vacantem,
731 3777 763 3807 &
777 3777 811 3806 ad
825 3778 950 3807 nostram
975 3780 1210 3815 presentationem
1232 3784 1298 3820 (pro

246 3812 300 3843 hac
316 3813 390 3851 vice)
411 3814 599 3851 specstantem:
619 3813 658 3844 Et
671 3814 831 3852 diriguntur
847 3816 884 3846 he
898 3816 994 3847 Litere
1004 3817 1251 3850 Reverendiffimo
1265 3823 1294 3852 in

245 3850 366 3882 Christo
389 3852 464 3882 Patri
484 3863 518 3884 ac
537 3852 674 3882 Domino
693 3852 844 3889 Gulielmo,
864 3855 1044 3890 providentia
1058 3857 1155 3887 divina
1176 3862 1299 3889 cantua-

244 3889 323 3958 rieqst
341 3890 583 3929 Archiepiscopo,
600 3892 686 3922 totius
702 3890 808 3927 Anglie
820 3891 936 3922 Primati
954 3894 986 3922 ὅς
1003 3893 1242 3932 Metropolitano.

312 3926 370 3958 este
385 3928 467 3968 Rege
477 3929 552 3967 apud
568 3929 843 3970 Wstmonasterium,
864 3930 1001 3960 vicesimo
1017 3931 1063 3963 die
1077 3937 1163 3963 Maii.

96 3624 113 3641 θ’
128 3625 194 3653 XX.

97 3670 162 3698 ³34·

726 4007 780 4036 Per
799 4007 892 4038 Breve
909 4007 943 4037 de
961 4008 1081 4038 Privato
1096 4009 1197 4048 sigillo.

273 4082 345 4120 Tm,
366 4081 420 4111 rx.
444 4080 476 4109 P.
496 4081 537 4110 rr.

1368 154 1848 201 PUBLICA.
2342 178 2420 222 217

1396 241 1543 271 Mattheus
1559 242 1684 283 thx'tley
1697 267 1706 282 ,
1719 244 1851 276 Clericus
1862 269 1871 284 ,
1890 244 1975 276 habet
1992 245 2097 277 Literas
2114 247 2242 278 Patentes
2257 251 2292 282 de
2306 254 2415 289 presem
2436 250 2505 282 Arm
2530 248 2561 284 ’ss

1355 279 1463 308 tatione
1480 281 1513 310 ad
1534 280 1703 312 Rectoriam
1720 283 1847 314 Ecclelie
1863 285 2029 321 parochialis
2042 286 2077 316 de
2094 286 2248 325 Eynesbmjy
2264 300 2292 318 iri
2308 290 2413 322 Comi<-
2465 294 2497 321 ici
2507 296 2549 331 373,

1356 322 1414 346 tatu
1426 320 1649 358 Hurrtirrgdome,
1667 322 1699 351 &
1716 321 1832 352 Diocefi
1848 323 2006 361 Lincalnie‚
2022 326 2080 362 jam
2109 334 2258 355 vacantem
2270 349 2277 363 ,
2296 338 2342 363 per
2352 338 2414 364 pra-
2431 333 2482 356 An.
2506 342 2550 366 ¹4-

1356 355 1470 385 vitatem
1485 357 1614 388 Simonie
1631 361 1663 390 &
1681 360 1716 388 ad
1733 361 1859 390 nostram
1877 363 2129 399 presentationem,
2147 364 2254 394 virtute
2265 366 2411 402 cujusdam
2428 370 2489 394 aar.
2506 378 2527 395 r.

1356 392 1447 424 Actus
1462 394 1640 427 Parllamenti
1658 398 1747 428 Anno
1764 398 1861 435 Regni
1878 400 2012 430 Domine
2024 400 2193 431 Elizabethe
2208 410 2291 440 nuper
2308 405 2414 441 Anglie
2471 415 2513 433 ιο.

1356 432 1472 470 Regiae,
1489 434 1694 466 Predecefforis
1709 436 1798 467 nostri
1812 439 1957 468 tricesimo
1973 442 2085 476 primo,
2104 441 2133 469 in
2147 450 2183 470 co
2204 442 2268 471 casu
2289 443 2358 472 editi
2378 445 2411 474 &

1356 472 1457 505 provisi
1479 472 1544 509 (pro
1559 473 1614 504 hac
1627 476 1703 510 vice>
1719 475 1908 515 speclantem3
1926 476 1964 506 Et
1980 477 2137 517 diriguntur
2153 478 2190 509 he
2206 478 2299 510 Litere
2316 480 2416 511 Reve-

1354 508 1519 539 rendiffimo
1545 512 1572 540 in
1597 511 1715 542 Christo
1734 514 1809 545 Patri
1831 524 1864 544 ac
1889 515 2025 545 Domino
2054 516 2202 554 Gulielmo,
2229 519 2411 555 providentia

1354 545 1450 576 divina
1469 551 1660 588 cantuariensi
1681 551 1905 590 Archiepiscopo
1917 577 1925 590 ,
1942 555 2027 584 totius
2043 554 2147 592 Anglie
2163 554 2282 587 Primati
2297 558 2331 589 ὃς
2341 558 2413 588 Me-

1354 585 1545 622 tropolitano,
1565 589 1672 618 ratione
1685 590 1874 627 Suspenlionis
1885 591 2017 629 Episcopi
2033 592 2183 622 Lincolnie.

1388 622 1475 654 Teste
1489 624 1572 664 Rege
1586 627 1660 663 apud
1676 628 1935 669 Wstmonasterim
1943 653 1953 669 ‚
1973 631 2057 661 tertio
2071 631 2118 661 die
2129 631 2225 670 Junii.

1835 708 1889 735 Per
1905 709 1998 737 Breve
2015 707 2048 737 de
2067 710 2188 739 Privato
2204 709 2305 747 sigilla.

1390 775 1501 806 Samuel
1504 776 1566 807 Fell
1568 801 1578 815 ,
1597 777 1625 808 S.
1634 778 1674 808 T.
1685 778 1716 809 P.
1725 780 1758 810 ὃς
1771 789 1841 811 unus
1849 781 2067 820 Capellanorum
2076 784 2166 825 Regis
2173 785 2394 820 Ordinatiorum
2402 812 2413 829 ‚

1351 813 1439 846 habet
1450 815 1555 845 Literas
1565 817 1691 847 Patentes
1706 818 1742 847 de
1751 819 1954 856 presentatione
1969 822 2002 851 ad
2011 823 2190 854 Decanatum
2206 825 2336 858 Ecclesie
2350 828 2411 860 Ca-

1353 854 1483 884 thedralis
1495 853 1596 894 Christi
1609 858 1733 893 Oxonie,
1752 866 1800 895 per
1823 860 2042 895 promotionem
2063 862 2224 894 Reverendi
2246 865 2275 894 in
2289 864 2411 899 Christo
2427 887 2430 891 ι

1353 891 1442 922 Patris
1456 902 1489 923 ac
1507 892 1627 922 Domini
1644 896 1761 931 Briani,
1779 895 1915 934 Episcopi
1930 900 2147 940 cantuarienfis,
2163 901 2196 931 ad
2206 902 2409 942 Episcopatum

1351 931 1536 970 cicestrensem
1551 931 1711 967 predicium
1721 955 1729 969 ,
1750 933 1841 964 ultimi
1857 934 1971 967 Decani
1981 937 2217 970 &Incumbentis
2231 942 2336 973 ibidem
2348 945 2409 983 jam

1352 977 1503 1000 vacantem
1513 990 1522 1006 ‚
1538 970 1572 999 &
1585 969 1620 999 ad
1634 969 1759 1000 nostram
1774 972 1961 1005 donationem
1976 975 2062 1014 pleno
2072 978 2134 1014 jure
2146 977 2326 1015 speeiantem.

1389 1006 1478 1038 Teste
1494 1006 1578 1047 Rege
1591 1007 1664 1046 apud
1680 1009 1956 1051 westmonasterium,
1974 1014 2113 1045 vicesimo
2125 1016 2230 1048 octavo
2241 1017 2286 1049 die
2293 1020 2388 1058 Junil.

2479 794 2552 827 93·

1833 1089 1887 1118 Per
1902 1091 1995 1120 Breve
2014 1091 2047 1122 de
2066 1092 2184 1125 Privato
2202 1095 2303 1133 sigillo.

1392 1161 1508 1192 Carolus
1519 1164 1661 1199 Benvais,
1682 1162 1828 1202 Clericus,
1844 1164 1932 1197 habet
1948 1166 2055 1199 Literas
2081 1168 2211 1202 Parentes
2226 1172 2262 1203 de
2272 1173 2414 1211 presentaa
2483 1171 2512 1206 θ’,

1354 1201 1436 1231 tione
1455 1202 1489 1231 ad
1508 1199 1677 1231 Reetoriam
1690 1203 1724 1233 &
1734 1201 1891 1234 Ecclesiam
1908 1207 2099 1244 parochialem
2109 1210 2144 1239 de
2153 1210 2298 1250 Withyam
2336 1211 2416 1243 Dio—

1354 1239 1422 1269 cefis
1442 1238 1622 1278 Ciccstrvzis,
1642 1249 1691 1279 per
1713 1243 1929 1278 promotionem
1952 1247 2055 1275 Briani
2075 1246 2210 1287 Episcopi
2233 1234 2416 1291 castrensis,

1354 1279 1388 1309 ad
1406 1278 1608 1317 Episcopatum
1627 1278 1812 1318 cicestrensem
1827 1282 1983 1318 predictum
1993 1285 2052 1321 jam
2069 1296 2219 1318 vacantem
2230 1311 2239 1325 ,
2255 1289 2288 1318 δε
2304 1288 2339 1319 ad
2357 1300 2416 1320 no-

1354 1317 1440 1347 stram
1458 1318 1693 1354 presentationem
1711 1328 1764 1355 pro
1781 1319 1836 1349 hac
1851 1322 1913 1350 vice
1932 1321 2120 1363 spectantem,
2150 1325 2189 1356 Et
2204 1327 2363 1366 diriguntur
2381 1329 2418 1361 he

1355 1355 1451 1386 Litere
1465 1355 1595 1385 Parentes
1615 1355 1788 1387 Reverendo
1806 1359 1833 1388 in
1858 1357 1979 1390 Christo
1996 1360 2070 1392 Patri
2086 1373 2119 1393 ac
2134 1363 2270 1395 Domino
2291 1366 2418 1405 Briano,

1354 1394 1535 1434 permissione
1551 1394 1645 1424 divina
1663 1394 1819 1435 Cicestrenfi
1831 1395 1984 1435 Episcopo.

1391 1432 1481 1464 Teste
1499 1432 1584 1472 Rege
1596 1433 1670 1471 apud
1688 1434 1832 1474 cambury,
1852 1437 1990 1468 vicesimo
2004 1437 2050 1469 die
2067 1441 2157 1477 Junii.

1841 1513 1894 1542 Per
1911 1516 2004 1544 Breve
2022 1515 2054 1545 de
2071 1518 2194 1548 Privato
2211 1519 2310 1557 Sigillo.

1390 1589 1524 1617 Hem-iem
1538 1585 1641 1623 Coche,
1658 1585 1687 1616 8.
1699 1586 1740 1617 T.
1758 1586 1791 1616 P.
1805 1587 1891 1620 habet
1910 1589 2017 1620 Literas
2032 1591 2160 1624 Patentes
2178 1593 2213 1626 de
2229 1597 2419 1633 presentatio·
2489 1607 2515 1635 7-

1353 1636 1389 1656 ne
1407 1626 1441 1657 ad
1455 1625 1619 1655 Reetoriam
1635 1625 1667 1655 ὅ(
1682 1624 1839 1656 Ecclesiam
1854 1629 2048 1665 parochialem
2063 1631 2098 1661 de
2112 1633 2249 1673 Pulham,
2268 1637 2296 1664 in
2312 1636 2419 1669 Comi-

1353 1674 1411 1696 tatu
1435 1664 1555 1704 Dorftt,
1576 1663 1705 1707 Diocesis
1725 1664 1844 1703 Bristol,
1864 1676 1911 1703 per
1932 1677 2056 1698 mortem
2079 1673 2232 1702 naturalem
2255 1674 2348 1705 ultimi
2371 1677 2419 1707 In-

1353 1704 1517 1735 cumbentis
1532 1702 1656 1739 ibidem,
1669 1712 1729 1740 Jam
1747 1713 1896 1734 vacantem
1908 1727 1917 1741 ,
1936 1707 1968 1735 δε
1981 1707 2014 1736 ad
2036 1709 2162 1739 nostram
2182 1711 2419 1747 presentationem

1354 1744 1463 1774 ratione
1480 1742 1601 1772 minoris
1617 1751 1695 1771 etatis
1708 1742 1805 1771 Thome
1819 1741 1974 1780 Henshawe
1986 1744 2083 1776 Nobis
2097 1747 2218 1786 Pupilli,
2237 1760 2291 1788 pro
2305 1752 2359 1784 hac
2375 1756 2417 1784 vi-

1356 1792 1390 1811 ce
1407 1781 1605 1817 spectantem,
1628 1779 1664 1809 Et
1687 1780 1847 1819 diriguntur
1867 1782 1903 1811 he
1923 1782 2018 1814 Litere
2038 1784 2169 1817 Patentes
2190 1787 2364 1821 Reverendo
2388 1796 2417 1823 iii

1357 1819 1477 1851 Christo
1493 1818 1567 1850 Patri
1584 1828 1617 1849 ac
1633 1818 1771 1849 Domino
1786 1819 1902 1850 Roherto
1911 1843 1921 1858 ,
1940 1823 2123 1859 permiffione
2138 1826 2237 1858 divina
2253 1829 2359 1868 Brsstol
2376 1830 2413 1862 E<

1383 1861 1441 1889 ilco
1462 1868 1490 1888 o.

1362 1870 1380 1898 p
1394 1869 1484 1928 Teiie
1497 1895 1578 1936 Rege
1594 1894 1669 1934 apud
1688 1895 1835 1938 Canbury,
1852 1897 1935 1928 tertio
1949 1897 1994 1930 die
2010 1899 2090 1938 Julit'.

1839 1976 1896 2005 Per
1913 1978 2008 2007 Breve
2023 1977 2056 2008 de
2074 1979 2194 2010 Privato
2211 1981 2311 2019 sigilla.

1391 2050 1497 2081 Daniel
1510 2049 1620 2090 Estcot,
1638 2049 1724 2081 habet
1743 2049 1850 2082 Literas
1864 2052 1995 2084 Parentes
2018 2054 2054 2085 de
2070 2056 2273 2093 presentatione
2297 2060 2331 2090 ad
2353 2059 2415 2091 R'e-
2483 2060 2510 2087 6.

1356 2090 1477 2121 &oriam
1503 2089 1632 2120 Ecclesie
1655 2089 1824 2127 parochialis
1846 2090 1881 2121 de
1904 2092 2072 2132 Bevcrston,
2091 2105 2216 2126 unacum
2235 2097 2353 2136 Capella
2377 2099 2414 2132 de

1356 2128 1502 2168 Kingscott
1515 2137 1650 2158 annexata
1660 2150 1669 2165 ,
1689 2127 1818 2158 Diocesis
1829 2129 2073 2167 &jurisdictionis
2082 2133 2256 2174 Glaucestrie‚
2276 2146 2325 2174 pei·
2339 2147 2420 2169 mora

1357 2176 1416 2198 tem
1437 2167 1589 2198 naturalem
1614 2166 1705 2196 ultimi
1728 2165 1926 2198 Incumbentis
1941 2170 2065 2208 ejusdem
2085 2173 2177 2203 modo
2192 2184 2360 2213 vacantem,
2384 2178 2420 2208 δε

1356 2206 1391 2237 ad
1411 2205 1540 2236 nostram
1560 2205 1797 2242 presentationem
1813 2206 1899 2243 pleno
1910 2207 1972 2244 jure
1995 2208 2189 2250 specstantemg
2209 2212 2246 2243 Et
2264 2213 2419 2254 diriguntur

1356 2245 1395 2276 he
1415 2245 1511 2275 Litere
1528 2243 1701 2274 Reverendo
1714 2244 1742 2273 in
1761 2244 1880 2275 Christo
1895 2245 1970 2276 Patri
1984 2257 2017 2278 ac
2034 2247 2169 2281 Domino
2185 2249 2338 2292 Godfrida,
2356 2264 2420 2293 pexa

1356 2284 1485 2315 missione
1502 2282 1596 2312 divina
1611 2281 1774 2319 Glaucestrie
1791 2282 1947 2322 Episcopo.

1393 2322 1484 2354 Teste
1502 2320 1585 2361 Rege
1602 2321 1676 2359 apud
1694 2321 1837 2362 Canbury,
1856 2324 2012 2355 undecimo
2029 2324 2075 2356 die
2090 2325 2173 2365 Julii'.

1843 2401 1898 2430 Per
1917 2402 2011 2431 Breve
2025 2401 2057 2431 de
2076 2405 2196 2434 Privata
2213 2405 2315 2443 Sigillo.

1391 2481 1539 2515 Gulielmus
1550 2481 1727 2522 Sheaphard,
1746 2480 1895 2522 Clericus,
1923 2483 1960 2515 A<
1981 2483 2028 2514 M.
2048 2485 2137 2517 habet
2164 2486 2268 2517 Literas
2286 2487 2420 2520 Parentes
2484 2508 2512 2538 ς,

1364 2524 1400 2554 de
1416 2524 1619 2561 presentatione
1634 2522 1668 2552 ad
1696 2520 1841 2551 Vicariam
1866 2531 2031 2561 perpetuam
2053 2523 2180 2555 Ecclesie
2199 2527 2362 2561 parochialis
2382 2529 2421 2559 de

1354 2567 1487 2600 Rumon,
1504 2560 1689 2601 Norwicenfir
1710 2559 1841 2590 Diocelis
1855 2584 1864 2596 ,
1889 2570 1940 2598 per
1958 2570 2085 2592 mortem
2103 2563 2198 2594 ultimi
2222 2563 2420 2598 incumbentis

1353 2602 1463 2631 ibidem
1479 2602 1538 2638 jam
1563 2608 1714 2630 vacantem
1732 2620 1741 2635 ,
1766 2607 1849 2636 atque
1874 2600 1909 2628 ad
1937 2599 2181 2632 Nomiiiationem
2207 2601 2419 2641 Episcoporum

1355 2638 1588 2677 Norwicenfium‚
1606 2637 1652 2667 sed
1672 2636 1706 2666 ad
1726 2636 1852 2666 nostram
1871 2637 2107 2674 presentationem
2129 2640 2195 2678 (hac
2216 2643 2291 2678 vice)
2313 2645 2419 2675 ratione

1355 2678 1526 2708 liberationis
1542 2684 1677 2706 terrarum
1698 2675 1732 2704 &
1750 2682 1985 2706 tenementorum
2008 2678 2119 2707 Roberti
2141 2678 2236 2717 Jegon
2255 2681 2420 2721 Armigeri‚

1356 2725 1432 2747 extra
1447 2724 1546 2745 manus
1559 2714 1664 2744 nostras
1678 2712 1810 2744 nondum
1826 2714 1919 2744 habite
1934 2716 2092 2746 &obtente
2129 2719 2216 2754 pleno
2221 2719 2285 2754 jure
2293 2719 2423 2757 specian-

1356 2763 1436 2793 tem·,
1454 2754 1491 2784 Et
1505 2754 1667 2791 diriguntur
1681 2751 1718 2781 he
1736 2751 1831 2782 Litere
1846 2752 2023 2784 Reverendo
2041 2754 2071 2783 in
2088 2739 2208 2785 Christo
2218 2757 2295 2788 Patri
2307 2768 2340 2789 ac
2351 2759 2419 2790 Do-

1356 2794 1437 2824 mino
1452 2791 1601 2829 Mattheo,
1619 2788 1800 2830 permissione
1814 2790 1914 2821 divina
1931 2792 2103 2833 Norwicenfi
2119 2793 2276 2832 Episcopo.

1391 2830 1481 2863 Teste
1500 2829 1584 2870 Rege
1602 2830 1676 2867 apud
1697 2828 1977 2870 Westmonasterium,
1993 2831 2070 2861 sexto
2088 2832 2135 2863 die
2150 2834 2272 2872 Aprilis.

1836 2908 1889 2937 Per
1911 2910 2004 2938 Breve
2023 2908 2056 2938 de
2073 2910 2195 2939 Privato
2207 2910 2312 2949 Sigillo.

1390 2993 1551 3025 Willielmus
1565 2990 1794 3032 chillingworth,
1813 2992 1962 3032 Clericus,
1980 2992 2017 3025 A.
2027 2994 2074 3026 M.
2091 2996 2175 3027 habet
2185 2997 2291 3028 Literas
2306 2999 2413 3031 Paten-

1351 3042 1392 3065 tes
1405 3034 1441 3064 de
1457 3034 1661 3071 presentatione
1676 3033 1709 3062 ad
1725 3032 1966 3063 Cancellariatum
1989 3033 2112 3064 Ecclesie
2136 3034 2312 3067 Cathedralis
2331 3038 2408 3069 beate

1350 3075 1445 3102 Marie
1464 3074 1599 3109 Virginis,
1625 3074 1740 3109 Sarum,
1755 3081 1809 3101 una
1828 3081 1896 3100 cum
1922 3071 2069 3102 Prebenda
2093 3073 2129 3102 de
2155 3075 2327 3105 Brixworth
2343 3077 2408 3108 alias

1350 3109 1566 3148 Bricklefworth
1577 3132 1587 3147 ,
1606 3110 1633 3138 iri
1648 3109 1801 3139 Comitatu
1815 3108 2044 3146 Northamptonie
2060 3111 2078 3129 ¹²
2092 3111 2301 3152 Petriburgenfir
2325 3114 2403 3145 Dio-
2435 3121 2453 3139 ω
2469 3127 2525 3156 XX

1347 3150 1432 3187 celis,
1451 3150 1480 3178 in
1495 3148 1591 3177 eadem
1616 3146 1739 3177 Ecclesia
1761 3147 1893 3185 fundata,
1909 3148 1942 3178 &
1967 3148 2059 3178 cidem
2077 3148 2294 3182 Cancellariatui
2315 3163 2404 3184 anne·
2420 3171 2484 3202 335·
2528 3149 2537 3158 '

1345 3196 1427 3224 xatag
1446 3185 1483 3216 Et
1501 3187 1660 3225 diriguntur
1674 3186 1710 3215 he
1727 3185 1822 3216 Litere
1837 3185 2009 3216 Reverendo
2025 3188 2054 3216 in
2070 3186 2189 3218 Christo
2205 3188 2324 3222 Patriae
2343 3191 2408 3223 Do-

1345 3227 1428 3256 mino
1443 3224 1588 3262 Johanm,
1608 3222 1791 3261 permissione
1805 3223 1904 3254 divina
1917 3228 2014 3253 Sarum
2033 3224 2186 3264 Episcopo.

1382 3263 1473 3294 Teste
1491 3263 1574 3303 Rege
1589 3261 1662 3300 apud
1674 3262 1819 3301 Canbury,
1838 3262 1975 3293 vicesimo
1988 3265 2072 3294 tertio
2088 3264 2135 3294 die
2147 3264 2241 3303 Junii.

1827 3341 1881 3369 Per
1900 3340 1992 3370 Breve
2011 3339 2043 3369 de
2061 3342 2183 3371 Privato
2200 3341 2301 3381 Sigillo.

1379 3430 1506 3465 Georgius
1521 3425 1665 3466 Estcourt,
1684 3425 1832 3465 Clericus,
1850 3425 1888 3457 A.
1910 3422 1957 3457 M.
1985 3424 2069 3458 habet
2097 3423 2202 3459 Literas
2217 3429 2346 3462 Pate-ntes
2365 3432 2403 3463 de

1342 3467 1546 3505 presentatione
1572 3466 1606 3496 ad
1632 3466 1774 3496 Vicariam
1805 3466 1838 3496 ὃ(
1862 3463 2018 3496 Ecclesiam
2035 3467 2226 3504 parochialem
2252 3469 2289 3499 de
2313 3475 2404 3508 Bage-

1343 3506 1454 3543 worth,
1474 3514 1597 3535 unacum
1613 3503 1730 3542 Capella
1746 3504 1782 3534 de
1804 3504 1964 3541 Shorington
1987 3504 2080 3534 cidem
2102 3515 2253 3545 annexata,
2273 3507 2402 3540 Diocei'is

1342 3544 1518 3582 Glaucestrie,
1531 3544 1592 3580 jam
1608 3543 1643 3574 de
1654 3544 1717 3579 jure
1731 3551 1897 3580 vacantem,
1912 3542 1945 3572 &
1964 3542 1998 3572 ad
2008 3541 2140 3586 'nostram
2162 3546 2401 3583 presentationem

1343 3593 1396 3620 pro
1409 3584 1466 3613 ‘hac
1489 3583 1553 3612 vice
1575 3589 1624 3619 per
1640 3580 1746 3618 lapsum
1766 3581 1918 3618 temporis,
1936 3589 2104 3617 pravitatem
2128 3581 2259 3614 Simonie
2280 3586 2326 3615 ve}
2344 3586 2399 3624 alio

1339 3630 1517 3660 quocunque
1533 3619 1624 3650 modo
1637 3619 1828 3657 speeiantem3
1848 3617 1884 3648 Et
1903 3619 2064 3654 diriguntur
2077 3619 2114 3650 he
2131 3620 2229 3653 Litere
2247 3622 2399 3654 Reveren-

1339 3662 1378 3690 do
1395 3661 1424 3690 in
1439 3657 1559 3690 Christo
1573 3657 1690 3689 Patriae
1704 3657 1839 3687 Domino
1846 3656 1978 3694 Goffrido
1988 3680 1997 3695 ‚
2015 3659 2199 3696 permissione
2207 3661 2396 3698 divinitGlou-

1571 3707 1600 3726 o.

1341 3697 1569 3775 ‘estse‘i'tgplg‘egg
1580 3733 1654 3772 apud
1673 3732 1815 3770 (Σακέων-γ,
1832 3731 1969 3764 vicesimo
1981 3734 2026 3766 die
2041 3731 2130 3772 Junii.

2465 3446 2493 3478 33

1820 3810 1875 3839 Per
1892 3811 1985 3840 Breve
1998 3811 2031 3840 de
2052 3814 2173 3842 Privato
2189 3813 2290 3851 sigillo.

1374 3896 1534 3928 Edwardus
1556 3898 1682 3931 Burton,
1698 3893 1848 3932 Clericus,
1869 3895 1899 3927 S.
1915 3897 1955 3926 T.
1973 3897 2007 3927 P.
2027 3898 2060 3929 ὃς
2085 3907 2157 3929 unus
2177 3898 2398 3938 Capelianorum

1339 3937 1428 3974 Regis
1448 3935 1666 3964 Ordinariorum
1679 3956 1688 3970 ,
1706 3934 1791 3964 habet
1811 3933 1917 3964 Litcras
1937 3934 2066 3966 Parentes
2088 3936 2123 3966 de
2150 3938 2348 3974 presentatione
2363 3938 2410 3967 ad-

1341 3975 1367 4004 V
1372 3975 1486 4004 icariam
1508 3972 1542 4001 de
1561 3970 1716 4009 Westloam,
1735 3971 1866 4003 Diocesis
1891 3973 2078 4014 Cicestrmfis,
2104 3976 2160 4011 jam
2180 3985 2344 4011 vacantem,
2365 3977 2399 4006 δε

1340 4013 1373 4042 ad
1390 4011 1514 4040 nostram
1531 4009 1764 4046 presentationem
1782 4019 1832 4047 per
1848 4013 2067 4048 promotionem
2079 4013 2218 4051 vestram,
2233 4014 2266 4043 ad
2280 4013 2401 4050 Episco—

1343 4058 1440 4088 patum
1453 4046 1638 4087 sicestrerrlbm
1652 4047 1815 4085 prediCtum
1825 4059 1906 4118 ,Epro
1919 4050 1975 4081 hac
1989 4051 2053 4082 vice
2072 4050 2262 4089 spastanrem,
2281 4051 2319 4082 Et
2335 4051 2404 4082 diri-
2417 4079 2420 4082 ,

1820 4122 1823 4123 ⁷
1845 4098 1876 4117 ,ε
2298 4098 2402 4128 guntur
