2561 4263
140 137 195 176 92
599 72 1835 159 coNvENTIONES,L1TERAE‚

0 216 133 254 Ann.D.
146 209 366 242 Commissarios
381 206 552 251 &Legatos
563 204 600 234 ab
612 210 737 246 utroque
751 199 839 236 Rege
853 193 1063 240 nominandos,
1075 190 1211 229 deinceps
1251 185 1452 230 reddiderunt,
1470 184 1554 229 Nos,
1574 186 1693 229 quidem
1706 185 1779 216 nihil
1802 178 1914 224 magis,
1937 183 1974 216 ad
1996 185 2054 215 Dei
2077 183 2182 222 Optimi
2200 182 2325 213 Maximi
2343 179 2424 213 Ann.
2436 180 2471 214 D

22 258 112 297 1⁶42·
150 259 246 289 agetur
261 250 295 281 &
309 248 467 280 traetabrtur
483 246 520 288 de
535 242 746 289 Negotiatione
759 238 1042 282 frequentationeque
1060 230 1096 261 ad
1108 229 1209 276 *Orasy
1247 224 1461 274 Gloriamfl&
1481 222 1639 267 Christiani
1661 223 1752 267 Orbis
1775 222 1903 254 Salutem
1921 246 1933 262 ,
1964 223 2151 260 conducere,
2179 230 2268 259 quam
2289 228 2323 252 ut
2367 221 2455 260 1642,
2473 204 2484 215 .

1 303 55 327 An.
78 296 122 326 18.
155 288 260 320 Insulas
272 289 306 320 &
323 288 404 318 Loca
417 283 569 323 praediim,
582 291 598 310 a
612 276 822 309 Commiffariis
837 274 926 312 Regis
933 274 1046 308 Magnae
1059 272 1219 299 Brrtanniae
1260 263 1419 294 Christiani
1435 272 1509 294 inter
1519 262 1575 293 sese
1591 261 1784 299 Principes&
1801 260 1894 292 Status
1903 261 2031 295 faustam
2052 262 2149 293 colant
2169 260 2280 292 pacem
2293 260 2328 291 ὃς
2347 264 2400 289 An.
2417 260 2462 290 ¹3·

1 340 67 366 car,
81 346 104 365 ι,
154 337 209 367 pro
223 326 351 358 Subditis
375 323 472 359 Regni
495 321 534 350 sui
557 317 713 356 postulata,
744 325 779 345 ex
800 312 904 344 fiducia
924 311 1049 348 antiquae
1069 307 1217 338 Amicitiae
1260 302 1482 371 ἕζοῃεοζάἰεῐῃ,
1501 299 1734 345 persuasissimum
1748 299 1906 339 habemus,
1922 301 2057 339 predicto
2070 303 2152 340 Regis
2173 298 2332 341 Lufitaniae
2347 301 2412 329 Car.
2426 309 2456 329 r.

1281 341 1398 372 esiderio
1413 341 1545 371 lubenter
1558 349 1717 371 annuimus.

39 2542 60 2561 ·
76 2542 141 2571 xx,

22 2591 91 2620 527-

152 368 228 397 inter
246 363 471 397 Praedeceisores
492 357 654 390 eorundem
677 355 792 394 Regum
814 349 939 389 persuasis
952 372 961 387 ‚
998 345 1213 378 Sereniffimum

154 405 273 443 Regem
300 399 473 438 Portugalliae
496 397 564 426 nulli
586 394 712 425 Nationi
775 391 915 430 ampliora
932 387 1001 426 Jura
1025 409 1035 424 ,
1071 383 1216 414 Immuni-

154 453 224 476 tates
238 445 272 475 &
292 439 460 478 Privilegia,
478 444 563 476 quam
578 433 703 464 Subditis
723 416 816 468 Regis
831 431 948 465 Magnae
964 426 1124 455 Britanniae
1142 430 1215 452 con-

152 483 306 515 cessurum.

194 529 241 558 14.
256 520 293 550 Et
309 526 378 548 curn
393 512 586 545 Sereniffirnus
599 509 665 540 Rex
679 505 929 544 Portugalliae,per
936 502 1120 541 Rescriptum
1135 498 1215 529 suum

157 560 261 599 Sigillo
279 558 329 587 suo
348 554 512 589 munitum,
530 551 631 581 datum
651 550 680 578 in
697 547 784 577 Urbe
802 540 994 583 Olifiponenfi,
1012 537 1217 578 vigesimopri-

158 609 212 628 mo
232 598 277 626 die
295 594 451 632 Januarn',
469 600 547 621 anno
568 586 735 619 Natiuitatis
758 584 880 614 Domini
899 582 989 612 nostri
1011 580 1106 616 1641,
1123 576 1216 606 Inco-

155 637 189 667 lis
207 636 360 665 Terrarum
378 630 569 668 subjectarum
590 625 736 656 Dominio
754 623 884 654 Statuum
903 619 1081 654 Hollasuhae,
1100 616 1163 646 &c.
1183 614 1216 644 li-

155 677 253 705 beram
273 671 435 701 facultatem
451 666 638 703 concesserit,
656 664 756 693 omnia
790 670 872 691 enera
890 658 1039 690 Mercium
1052 652 1217 691 invehendi,

155 710 380 749 exportandique
394 708 411 737 e
428 707 555 743 Regnis‚
566 704 716 734 Dominiis
733 704 765 733 &
807 698 941 730 erritoriis
955 696 1026 733 suis,
1046 693 1138 734 Qiod
1146 692 1222 723 Sub-

156 751 208 781 diti
222 749 312 788 Regis
324 749 437 784 Magnae
452 747 628 780 Britanniae,
647 741 746 772 eadem
760 739 906 775 facultate,
933 738 964 766 in
978 734 1089 773 Regnis
1103 733 1136 764 &
1156 731 1222 761 Do-

157 789 255 820 miniis
268 787 338 818 dieti·
355 783 528 816 Sereniffimi
547 781 636 821 Regis
651 778 828 816 Portugallt'ae
838 778 919 814 juxra
931 774 1061 814 praedicti
1079 770 1223 809 Rescripti

158 837 309 864 tenorem,
328 833 440 856 utentur
455 823 646 860 fruanturque.

200 875 246 903 15.
265 865 300 895 Et
311 863 389 903 quod
404 862 581 892 Mercatores
600 856 731 895 Anglici,
750 855 852 893 aliique
866 852 982 884 Subditi
997 850 1088 889 Regis
1109 851 1223 885 Magnae

161 908 337 940 Britannice,
356 903 385 931 in
395 901 545 937 PersoniS,
562 896 749 932 DomiciliiS,
769 895 863 924 Libris
886 892 1049 922 Rationum
1065 888 1099 919 &
1122 887 1223 917 Ratio-

157 944 240 975 nibus
251 967 259 981 ‚
278 941 445 977 Mercibus,
467 938 606 976 Bonisque
618 937 687 972 luis,
704 934 776 963 infra
793 933 929 963 Ditiones
943 926 1117 960 Sereniffimi
1132 925 1224 964 Regis

155 980 336 1020 Portugalliae
360 980 416 1017 pari
439 978 594 1014 eademque
615 974 743 1004 fruentur
768 970 973 1006 immunitate,
997 968 1012 997 a
1032 965 1222 1000 Carceribus,

158 1021 282 1053 Arrestis
297 1027 345 1050 aut
359 1019 419 1048 aliis
435 1015 577 1046 Molestiis
589 1012 885 1052 quibuscunque‚que
901 1008 947 1038 alii
961 1007 1124 1045 quicunque
1137 1004 1222 1035 Prin-

155 1062 215 1098 cipi
228 1059 401 1097 Populoque
417 1064 486 1086 cum
504 1054 587 1092 Rege
611 1051 765 1092 Lufitaniae
789 1049 948 1085 foederato,
974 1044 1106 1075 concessa
1120 1042 1163 1074 est
1178 1048 1226 1072 aut

156 1099 293 1136 deinceps
311 1095 498 1128 concedetur.

200 1138 246 1168 16.
266 1136 305 1167 Et
318 1136 383 1175 quia
398 1134 433 1165 de
452 1129 661 1163 Condufflone
684 1127 819 1158 Navium
839 1123 1027 1155 Subditorum
1048 1117 1229 1153 Sereniffimi

161 1177 252 1216 Regis
272 1177 385 1212 Magnae
404 1174 561 1201 Britanniae
581 1178 631 1206 per
649 1165 797 1207 Lufitanos
808 1187 818 1203 ‚
834 1174 889 1202 pro
897 1161 1093 1192 Commercio
1111 1162 1144 1192 &
1162 1157 1230 1188 Na-

160 1215 305 1255 vigatione
322 1214 368 1243 sua
385 1213 415 1241 in
436 1208 593 1248 Brgliliam,
611 1207 744 1237 nondum
763 1211 944 1235 conventum
962 1200 1162 1239 est‚utrinque
1169 1196 1229 1234 pla-

160 1263 209 1287 cet
226 1250 448 1284 Commissarios
466 1248 511 1279 seu
541 1247 680 1285 Legatos,
703 1245 720 1273 a
737 1243 821 1274 dietis
840 1241 969 1278 Regibus
994 1239 1067 1269 infra
1086 1238 1160 1267 duos
1177 1244 1229 1265 an-

162 1303 218 1325 nos
235 1290 448 1323 constituendos
465 1289 498 1319 &
519 1283 763 1320 transmittendos,
787 1281 836 1320 qui
857 1278 961 1317 agendi
983 1279 1017 1309 &
1035 1273 1228 1308 conveniendi

163 1333 200 1363 de
215 1332 274 1362 hoc
288 1329 419 1360 Articulo
435 1324 605 1365 potestatem
621 1324 776 1353 habebunt-

202 1379 248 1407 17.
264 1368 343 1400 Cum
363 1377 433 1399 vero
446 1365 513 1404 Jura
530 1362 716 1393 Commercii
733 1359 856 1390 &Pacis
875 1354 1050 1386 infructuosa
1067 1353 1231 1392 reddentur,

162 1410 182 1442 fi
201 1409 326 1440 Subditis
344 1405 517 1437 Serenissimi
535 1402 627 1441 Regis
644 1402 760 1437 Magnae
786 1399 953 1427 Britannice
979 1393 1109 1424 molestia
1129 1392 1232 1422 infera-

162 1458 208 1480 tur
223 1458 257 1478 ex
273 1446 357 1478 causa
372 1442 586 1478 Conscientiae,
603 1439 675 1469 dum
693 1447 763 1468 eunt
779 1438 812 1468 δε
828 1435 945 1466 redeunt
960 1433 995 1463 ad
1006 1432 1107 1471 Regna
1121 1430 1228 1461 &Do—

162 1488 251 1519 minia
270 1483 445 1517 Sereniffimi
461 1481 551 1519 Regis
569 1476 764 1515 Portugalliae,
792 1475 838 1505 vel
858 1475 899 1503 ibi
916 1481 951 1502 ex
971 1473 1052 1502 causa
1072 1469 1233 1500 Commer-

162 1528 202 1558 cii
221 1526 266 1557 vel
285 1523 414 1561 Negotii
431 1528 545 1551 moram
564 1515 775 1554 trahunt,1deo
794 1522 825 1543 ut
844 1511 1069 1543 Commercium
1086 1509 1119 1539 sit
1134 1516 1232 1538 tutum

163 1566 197 1597 &
212 1565 361 1602 securum,
379 1570 439 1592 tam
459 1561 489 1589 in
504 1556 598 1588 Terra
613 1565 701 1594 quarn
719 1555 750 1584 in
769 1549 1074 1589 Mari,Sereniffimus
1090 1546 1155 1577 Rex
1163 1549 1234 1577 Por-

164 1603 284 1641 tugalliae
301 1601 412 1634 curabit
430 1601 463 1630 &
483 1595 673 1636 providebit,
706 1603 742 1624 ne
763 1600 798 1622 ex
815 1589 943 1628 predicta
962 1588 1047 1619 causa
1070 1585 1234 1618 Conscien-

164 1644 213 1674 tiae
231 1640 415 1673 molestentur
434 1637 467 1668 &
485 1635 693 1673 inquietentur,
715 1632 766 1662 ubi
791 1628 961 1661 Scandalum
980 1627 1039 1658 aliis
1063 1635 1125 1656 non
1143 1624 1232 1656 dede-

165 1683 242 1719 rint,
257 1681 290 1712 &
309 1680 376 1710 licet
395 1674 589 1708 Sereniffimus
608 1672 672 1702 Rex
690 1668 867 1707 Portugalliae
890 1666 1023 1706 agnoscat
1050 1665 1078 1695 se
1105 1673 1165 1694 non
1183 1664 1233 1695 ha-

163 1721 234 1752 bere
252 1719 422 1758 potestatem
440 1713 580 1745 statuendi
603 1711 637 1742 &
663 1708 834 1747 disponendi
853 1705 888 1736 de
913 1705 983 1736 Fide
1002 1704 1037 1735 &
1062 1703 1233 1742 Religione‚

162 1768 262 1791 tamen
281 1767 334 1796 pro
358 1763 456 1786 amore
479 1753 512 1784 &
536 1748 647 1780 summa
662 1745 866 1779 benevolentia
884 1744 932 1775 sua
958 1745 988 1773 in
1014 1742 1232 1774 Sereniffimum

163 1798 280 1837 Regem
304 1799 419 1832 Magnae
442 1792 603 1821 Britanniae
628 1788 661 1818 ὃς
680 1787 844 1817 Nationem
868 1782 1079 1821 Anglicanam,
1103 1781 1233 1820 curabit,

163 1836 246 1878 quod
264 1833 354 1872 Angli
374 1831 527 1868 caeterique
544 1826 669 1870 ejusdem
687 1825 780 1863 Regis
797 1823 930 1860 Subdiu,
955 1823 985 1851 in
1003 1822 1079 1859 praxi
1100 1822 1134 1851 δε
1152 1830 1233 1850 exer-

163 1877 238 1907 citio
256 1872 421 1910 Religionis
436 1871 508 1907 suae,
530 1869 602 1897 intra
622 1865 742 1903 Regna,
769 1862 914 1893 Dominia
942 1861 975 1891 &
995 1859 1155 1890 Territoria
1176 1858 1236 1889 Re-

162 1915 207 1955 gis
224 1911 404 1950 Portugalliae
417 1932 426 1948 ,
451 1916 527 1939 tanta
544 1913 659 1936 utentur
677 1904 861 1940 fruenturque
880 1901 1025 1937 libertate,
1048 1907 1152 1937 quanta
1169 1898 1238 1929 alte-

165 1954 223 1984 rius
253 1951 393 1989 Principis
423 1956 471 1978 aut
498 1944 682 1984 Reipublicae
715 1942 912 1981 cujuscunque
942 1939 1072 1968 Subditis
1109 1939 1231 1975 permit-

166 2000 249 2024 tetur.

206 2031 252 2061 18.
271 2029 302 2060 Si
320 2028 471 2065 contingat
485 2022 605 2062 posthac
625 2020 714 2060 (quod
733 2018 814 2049 Deus
827 2016 948 2054 avertat)
968 2014 1186 2046 Controversias
1201 2015 1236 2047 &

166 2069 267 2102 Dubia
287 2068 375 2105 oriri,
390 2067 464 2096 inter
478 2062 630 2102 praedictos
647 2057 844 2090 Serenilsimos
862 2055 978 2093 Reges,
1005 2055 1038 2086 &
1069 2055 1171 2093 quibus
1186 2064 1236 2093 pe.

166 2110 289 2140 riculum
307 2107 365 2138 esse
383 2103 466 2143 poffit
484 2100 701 2139 interceptionis
716 2096 902 2127 commercii
920 2095 953 2126 &
972 2093 1144 2125 Intercursus
1162 2094 1237 2124 inter

164 2147 300 2178 Subditos
312 2143 502 2179 eorumdem,
521 2140 647 2171 Subditis
660 2138 790 2175 utrinque
803 2134 917 2174 singulis
932 2134 1062 2173 utrinque
1078 2132 1236 2170 Regnis&

163 2186 344 2222 Provinciis,
360 2183 474 2222 publica
491 2180 623 2211 Monitio
637 2175 729 2208 danda
740 2176 792 2206 erit
807 2174 841 2205 &
854 2173 1007 2204 Biennium
1030 2173 1046 2202 a
1065 2171 1143 2202 dicta
1162 2170 1236 2202 Mo-

166 2226 277 2256 nitione
293 2225 423 2261 utrinque
438 2219 606 2255 habebunt,
626 2226 680 2255 pro
694 2212 914 2251 transportandis
926 2211 1078 2242 Mercibus
1097 2211 1131 2241 &
1149 2209 1238 2241 Bonis

166 2265 234 2302 suis,
253 2263 329 2293 nulla
344 2260 495 2297 Molestia‚
514 2257 729 2294 [mpedimento
743 2261 791 2284 aut
805 2252 929 2282 Damno
952 2250 1056 2281 Rebus
1070 2258 1118 2281 aut
1133 2248 1235 2282 Perso-

170 2305 216 2335 nis
232 2302 364 2339 utrinque
380 2302 485 2329 interea
499 2295 657 2326 inserendo.
859 2318 862 2328 ,
1165 2301 1168 2306 ι

211 2351 248 2380 19
275 2340 313 2371 Et
329 2339 367 2376 si,
384 2339 503 2369 durante
518 2335 570 2365 hac
586 2333 663 2363 Pace
678 2332 711 2363 &
727 2328 988 2368 Amicitia,aliquid
1005 2336 1106 2359 contra
1121 2328 1195 2357 vires
1207 2325 1240 2357 &

170 2379 293 2413 effecius
308 2377 478 2412 earundem,
499 2384 548 2412 per
565 2372 688 2402 Terram
700 2393 710 2409 ‚
731 2369 817 2400 Mare
831 2370 864 2400 δε
880 2368 975 2405 Aquas
989 2367 1085 2397 dulces
1095 2389 1105 2404 ,
1124 2375 1173 2403 per
1189 2366 1242 2396 ali-

170 2430 246 2461 quos
265 2417 393 2456 ipsorum
416 2415 551 2453 Regum,
577 2409 729 2441 Heredum
749 2409 783 2439 &
807 2407 1015 2438 Succefforum
1038 2405 1176 2436 Vassallos
1195 2412 1244 2435 aut

170 2458 306 2490 Subditos
326 2456 410 2486 fuerit
431 2459 597 2484 attentatum
608 2473 618 2487 ,
643 2448 741 2479 aetum
762 2455 810 2477 aut
826 2445 958 2484 gestum,
976 2444 1166 2475 nihilomnius
1180 2443 1244 2474 haec

175 2498 233 2530 Pax
249 2497 283 2527 &
298 2494 433 2526 Amicitia
454 2493 482 2521 in
506 2490 558 2520 suis
575 2488 684 2519 viribus
709 2487 741 2517 &
767 2485 875 2516 effectu
894 2484 1120 2523 permanebunt,
1139 2483 1173 2513 &
1191 2491 1247 2520 pro

175 2537 239 2578 ipsis
261 2534 402 2566 attentatis
421 2537 436 2548 *
455 2526 643 2560 solummodo
658 2527 830 2564 punientur,
847 2524 896 2562 ipsi
910 2531 1080 2555 attentantes
1094 2523 1128 2554 &
1143 2521 1247 2559 damp-

179 2575 348 2611 nificantes,
364 2573 398 2603 &
412 2581 471 2601 non
487 2570 541 2599 alii.

214 2624 262 2644 20.
281 2616 369 2649 Item,
387 2607 566 2640 Conclusum
585 2605 618 2636 ὅ(
637 2602 847 2634 concordatum
867 2600 927 2638 est,
953 2599 1031 2640 quod
1058 2598 1170 2638 presens
1186 2598 1245 2630 Pax

175 2656 209 2686 &
233 2649 459 2682 Confoederatio
484 2657 546 2677 non
571 2644 718 2682 derogabit
747 2642 827 2679 Ligis
846 2640 879 2671 &
905 2638 1218 2670 Confoederationibus
1236 2660 1247 2676 ‚

175 2696 250 2723 inter
267 2687 481 2721 Serenissimum
499 2687 595 2722 Regem
614 2686 726 2719 Magnae
737 2682 895 2711 Britannia
913 2678 1017 2710 aliosve
1036 2676 1246 2716 Reges,Prin-

176 2733 253 2770 cipes
271 2730 303 2760 &
321 2726 503 2764 Respublicas
520 2722 640 2754 antehac
660 2720 742 2751 factis
759 2721 793 2751 &
812 2718 965 2750 contractis
984 2741 995 2756 ‚
1032 2716 1080 2746 sed
1106 2715 1183 2754 quod
1202 2715 1246 2745 di—

178 2770 236 2800 &ae
256 2769 336 2806 Ligae
354 2766 387 2796 &
406 2762 677 2794 Confoederationes
705 2760 785 2796 (non
809 2756 942 2787 obstante
960 2756 1018 2787 hoc
1035 2755 1174 2786 TraCtatu
1191 2755 1246 2785 Pa-

180 2810 241 2845 cis)
270 2808 376 2844 integre
400 2805 541 2835 serventur
567 2801 600 2831 ὃς
627 2798 745 2837 plenum
772 2795 961 2834 imposterum
985 2794 1135 2825 sortiantur
1159 2792 1250 2824 effec-

179 2856 253 2879 tum.

217 2895 266 2916 2¹.
286 2882 422 2921 Denique
439 2877 608 2911 conclusum
626 2874 681 2914 est,
703 2871 781 2912 quod
797 2872 869 2903 dicti
883 2870 1057 2903 Sereniffimi
1077 2870 1173 2910 Reges
1193 2874 1248 2900 Ca-

178 2925 251 2957 rolus
266 2927 382 2961 Magne
397 2921 573 2954 Britanniae,
592 2913 653 2949 &a
692 2913 776 2950 Rex,
797 2911 834 2942 Et
843 2910 1004 2981 gehannes
1030 2910 1162 2949 ¹Quartus
1179 2911 1248 2938 Por-

181 2961 319 3003 tugalliae‚
337 2958 399 2996 &aa
438 2959 503 2989 Rex
513 2980 523 2996 ,
538 2954 650 2985 Omnia
665 2953 698 2985 &
713 2951 828 2991 Singula
873 2950 976 2988 apitula
991 2951 1019 2980 in
1036 2948 1157 2987 presenti
1173 2948 1248 2979 Tra-

182 3005 262 3035 ‹Statu
278 3008 414 3032 contenta
431 2999 463 3029 δε
480 2992 675 3030 concordata,
691 2991 798 3021 sincere
819 2991 853 3022 ὃς
877 2992 952 3020 bona
972 2988 1028 3019 fide
1048 2988 1255 3024 obiervabunt‚

183 3044 219 3075 δί
234 3052 284 3081 pei·
298 3040 363 3071 suos
376 3038 502 3069 subditos
516 3036 550 3067 ὃς
566 3031 677 3063 Incolas
690 3029 833 3060 observari
855 3029 979 3065 facient,
996 3037 1090 3067 neque
1110 3027 1163 3056 illis
1176 3025 1253 3055 dire—

182 3083 234 3113 cte
256 3077 489 3113 contravenient,
510 3073 666 3109 omniaque
685 3071 719 3101 &
743 3068 848 3106 singula
870 3067 1046 3105 supradicta,
1075 3075 1124 3104 per
1144 3065 1252 3095 Literas

183 3120 328 3157 utriusque
344 3116 581 3153 Parentes‚manu
599 3110 694 3146 Regia
712 3108 745 3139 δε
761 3107 851 3146 Sigilli
868 3106 975 3144 Magni
990 3105 1172 3143 impressione
1189 3114 1254 3134 rnu-

186 3161 259 3191 nitas
273 3159 307 3189 &
321 3156 416 3186 debita
429 3154 523 3183 forma
537 3149 697 3192 expeditas,
716 3145 929 3189 confirmabunt
955 3145 989 3176 &
1009 3153 1066 3175 rata
1087 3143 1256 3180 habebunt,

189 3200 224 3230 ὃς
237 3206 306 3228 cum
321 3196 449 3233 primum
467 3192 494 3222 se
512 3189 648 3220 obtulerit
664 3188 796 3221 oceaho,
811 3184 923 3215 tradent
936 3184 981 3213 scu
995 3183 1066 3213 tradi
1079 3183 1185 3213 facient
1199 3183 1255 3212 bo-

190 3247 228 3266 na
244 3236 300 3266 fide
316 3234 420 3264 realiter
435 3233 467 3263 &
485 3238 553 3260 cum
565 3226 693 3262 efferim,
716 3224 892 3261 similemque
910 3221 1123 3262 processionem
1148 3221 1185 3250 de
1201 3221 1255 3250 ob-

191 3273 331 3306 servandis
351 3271 485 3302 omnibus
507 3269 540 3298 &
570 3265 685 3307 singulis
720 3261 839 3292 remiffis
868 3262 897 3292 in
922 3261 1013 3290 verbo
1028 3259 1118 3298 Regis
1134 3258 1257 3296 facient,

193 3323 265 3344 cum
278 3313 346 3343 alter
359 3311 396 3340 ab
418 3309 506 3340 altero
528 3305 612 3336 fuerit
626 3303 660 3333 ad
678 3311 687 3331 i
731 3300 891 3339 requisitus,
911 3299 1110 3336 curabuntque
1135 3297 1259 3335 predicti

194 3351 289 3389 Reges
304 3349 459 3388 presentem
476 3346 582 3377 Pacem
598 3343 630 3373 &
647 3340 815 3370 Amicitiam
833 3337 931 3369 forma
946 3336 1082 3368 consueta
1101 3337 1258 3375 publicari,

196 3399 283 3429 quarn
299 3389 428 3428 primum
444 3383 606 3417 commode
624 3379 683 3411 fieri
704 3378 820 3417 poterit.

287 3521 459 3564 Sequuntur
482 3510 718 3556 Commffonum
744 3510 780 3548 (ΞΓ
805 3504 1035 3540 Mandatorum
1055 3514 1178 3539 tenores.

236 3603 467 3640 .CAROLUS
492 3599 533 3630 R.

268 3684 304 3713 A
310 3683 370 3713 Ro
380 3678 487 3715 LUS,
505 3674 565 3705 Dei
578 3674 681 3713 gratia,
700 3673 813 3709 Magnae
830 3670 1004 3705 Britannice,
1020 3666 1146 3696 Franciae
1157 3665 1196 3700 ό
1211 3666 1267 3695 Hi-

279 3722 380 3752 berniae
404 3716 483 3752 Rex,
507 3712 568 3743 fidei
590 3711 735 3749 defensor,
765 3708 827 3744 &a
865 3706 1012 3737 Omnibus
1032 3705 1066 3736 &
1086 3704 1211 3742 Singulis
1232 3704 1266 3735 ad

205 3771 282 3802 quos
293 3760 330 3790 he
348 3758 444 3788 Litere
481 3752 656 3787 ervenerint,
675 3748 809 3780 Salutem.

246 3799 328 3830 Cum
344 3795 443 3826 Sereni
468 3801 541 3822 imus
559 3789 695 3824 Princeps
711 3789 843 3816 Dominus
853 3783 1000 3823 Johannes
1016 3782 1166 3822 Quartus,
1185 3781 1268 3820 Lusi—

1296 379 1399 423 Sciatis
1417 380 1501 418 igitur
1519 378 1599 417 quod
1617 378 1706 416 Nos,
1724 376 1941 417 spectantum,
1955 386 2095 417 perquam
2114 376 2332 409 dileetorum&

1256 415 1385 485 §gregium
1403 416 1569 448 nostrorum
1589 416 1709 448 Consan
1719 418 1888 457 guineorum
1903 416 1937 448 &
1955 415 2191 448 Consiliariorum
2210 417 2334 447 intimo-

1330 478 1341 493 3

1273 533 1278 538 ι
1293 494 1402 524 Thomae
1419 496 1532 537 comitis
1548 493 1714 538 Arundeliae
1728 493 1766 530 ἐν
1779 496 1900 534 Sum‘ae,
1915 494 2007 533 primi
2022 492 2152 525 Comitis
2172 493 2208 525 δε
2219 493 2332 525 Comi-

1257 540 1293 564 tis
1307 532 1466 564 Marescalli
1480 530 1611 569 Angl1ae‚

1296 571 1444 609 Johannis
1457 573 1569 601 Comitis
1581 568 1720 608 Bristoliae
1729 593 1740 610 ,

1297 609 1427 655 Εηίξείηιῤ
1443 612 1471 639 V
1473 611 1616 639 icecomitis
1630 608 1662 638 de
1676 611 1728 648 Say
1746 607 1784 644 ὀ·
1799 608 1893 649 Seale,
1910 608 2011 643 Curiae
2026 608 2210 649 Pupillorum
2229 611 2265 644 &
2289 608 2334 643 E-

1263 657 1514 687 mancipationum
1528 647 1673 684 Praefidss,

1300 690 1379 718 Lucii
1394 690 1422 717 V
1423 690 1562 718 icecomitis
1576 683 1752 716 Falklandiae
1766 686 1849 715 unius
1858 709 1869 723 ,
1885 695 1970 725 atque
1979 710 1988 726 ‚

1300 727 1441 775 Edtvardi
1453 724 1583 771 NJcholai
1599 724 1712 764 Equitis
1728 723 1830 755 Aurati
1843 725 1971 763 alterius,
1989 724 2197 758 Primariorurn
2219 725 2336 759 nostro-

1263 774 1328 796 rum
1345 767 1587 802 secretariorum,

1300 804 1456 849 Prudentia
1469 805 1503 836 &
1518 802 1682 840 integritate
1696 800 1855 840 plurimum
1871 799 2066 839 confidentes,
2075 801 2188 834 eosdem
2204 803 2328 836 fecimus

1262 842 1458 874 ordinavimus
1480 843 1514 874 &
1534 841 1756 880 deputavimus,
1781 850 1816 872 ac
1833 850 1882 878 per
1900 839 2042 877 presentes
2065 840 2202 881 facimus,
2221 826 2339 874 ordina3

1266 892 1330 913 mus
1342 884 1375 913 ὃ(
1389 882 1555 920 deputamus
1568 880 1681 911 nostros
1689 889 1772 911 veros
1787 880 1821 912 &
1837 878 2016 909 indubitatos
2025 878 2254 912 Commiffarios
2271 881 2336 914 De-

1265 930 1376 959 putatos
1389 921 1423 952 ὃ(
1439 920 1657 957 Procuratores,
2254 905 2263 920 ²

1300 959 1409 990 Dantes
1430 961 1464 991 &
1489 958 1683 990 concedentes
1697 957 1798 987 iisdem
1824 957 1983 996 omnibus,
2000 955 2061 987 five
2076 957 2217 995 quibusvis
2228 956 2340 990 Tribus

1261 1008 1380 1043 eorum,
1399 999 1513 1037 plenam
1526 998 1559 1029 &
1574 996 1774 1027 omnimodam
1791 994 1970 1027 Potestatem
1984 995 2021 1026 &c
2037 995 2257 1028 Authoritatem
2284 1006 2337 1035 pa-

1262 1046 1328 1068 riter
1344 1048 1376 1068 ac
1393 1037 1556 1068 mandatum
1571 1035 1701 1076 generale
1717 1036 1750 1066 δε
1771 1034 1907 1073 speciale,
1931 1043 2002 1065 cum
2023 1035 2139 1074 prefatis
2158 1020 2338 1068 Serenis'fimi

1264 1076 1421 1120 13ufitaniae
1435 1079 1512 1113 Regis
1527 1076 1643 1112 Legatis
1657 1075 1691 1104 &
1706 1074 1895 1112 Oratoribus,
1914 1073 1949 1103 ad
1964 1073 2026 1105 hoe
2033 1073 2222 1104 sufficientem
2232 1075 2336 1106 autho-

1265 1124 1378 1161 ritatem
1402 1115 1435 1146 &
1453 1113 1626 1158 ¹potestatem
1654 1113 1842 1149 habentibus,
1869 1110 1969 1143 nostro
1985 1113 2128 1151 nornine,
2150 1111 2188 1143 de
2203 1114 2237 1145 &
2253 1113 2337 1154 supe:

1265 1153 1375 1191 prefata
1388 1153 1506 1199 aretiori
1521 1151 1661 1195 Amicitia
1677 1153 1711 1194 ὃς
1728 1151 1804 1182 Pace
1816 1159 1900 1190 atque
1916 1150 2104 1182 Comrnercii
2119 1151 2283 1184 celebritate
2299 1154 2336 1185 δε

1266 1192 1452 1236 frequentia,
1462 1189 1718 1227 communicandi,
1737 1189 1877 1220 tractandi
1890 1191 1925 1222 &
1946 1190 2161 1230 concludendi,
2179 1200 2339 1232 caeteraque

1267 1240 1367 1261 omnia
1384 1229 1540 1274 &lingula
1551 1238 1616 1268 quae
1629 1227 1664 1258 ad
1676 1227 1831 1259 firmiorem
1850 1228 1972 1267 Pacem,
1987 1230 2131 1267 umjorem
2148 1230 2320 1262 Amicitiam

1269 1269 1303 1299 &
1321 1270 1509 1301 celebriorem
1525 1277 1598 1298 inter
1614 1266 1710 1297 nostra
1726 1268 1859 1305 utrinque
1872 1266 1992 1306 Regna,
2009 1267 2158 1300 Dominia
2178 1269 2213 1300 δε
2233 1253 2343 1301 Subdi:

1268 1315 1314 1339 tos
1335 1307 1525 1351 exercendam
1541 1305 1738 1351 ‘commercii
1761 1305 1968 1344 frequentiam,
1996 1307 2164 1339 conducere
2189 1307 2224 1339 &
2246 1308 2343 1341 facere

1271 1347 1407 1392 possunt,
1423 1345 1548 1390 faciendi
1556 1357 1573 1389 3'
1595 1352 1678 1383 atque
1701 1343 1780 1381 super
1795 1345 1846 1382 iis,
1863 1344 2007 1375 Articulos
2019 1345 2057 1376 &
2077 1344 2270 1379 Instrumenta
2290 1358 2343 1379 ne-

1268 1385 1382 1430 cessaria
1399 1385 1591 1430 conficiendi,
1610 1384 1643 1414 &
1659 1384 1695 1413 ab
1709 1383 1881 1425 altera-parte
1895 1383 2010 1420 petendi
2022 1384 2250 1424 &irecipiendi·
2277 1385 2344 1417 De-

1269 1433 1353 1502 23³⁶
1367 1434 1469 1494 (ἔφηω
1480 1424 1532 1455 alia
1545 1432 1610 1463 quae
1624 1421 1659 1453 ad
1676 1422 1809 1459 premifla
1822 1422 1868 1453 vel
1885 1422 1963 1453 circa
1978 1430 2010 1452 ea
2025 1430 2111 1453 erunt
2123 1409 2288 1464 neceffar'ia,
2294 1419 2345 1458 eir-

1329 1474 1373 1495 ien
1396 1473 1424 1501 i,

1309 1502 1514 1533 Promittentes
1528 1501 1604 1531 bona
1616 1498 1672 1529 fide
1687 1497 1722 1528 &
1737 1499 1769 1529 in
1784 1499 1877 1530 verbo
1893 1497 2011 1539 Regio,
2033 1497 2105 1531 Nos
2119 1500 2220 1533 omnia
2242 1502 2277 1535 δι
2289 1502 2347 1534 fin·

1272 1541 1352 1581 gula,
1372 1551 1437 1580 quae
1453 1541 1525 1571 inter
1539 1537 1658 1578 predieti
1674 1539 1753 1580 Regis
1768 1537 1923 1577 Lufitaniae
1937 1539 2062 1577 Legatos
2078 1540 2113 1571 &
2128 1538 2267 1572 Oratores
2301 1549 2347 1574 at.

1270 1590 1327 1625 que
1341 1580 1465 1624 prefatos
1479 1578 1593 1610 nostros
1609 1575 2133 1621 Commiffirios,Procuratores,aut
2147 1588 2250 1610 eorum
2257 1563 2320 1612 'f're

1272 1629 1301 1649 in
1318 1618 1458 1657 premissis
1472 1618 1518 1649 vel
1534 1615 1737 1659 premissorum
1753 1615 1850 1654 aliquo
1865 1625 1947 1647 erunt
1962 1615 2058 1655 facta,
2081 1616 2164 1654 pacta
2176 1617 2211 1649 &
2225 1590 2348 1650 concii?

1271 1658 1315 1695 sa,
1335 1666 1411 1695 rata,
1428 1657 1507 1701 firma
1519 1657 1553 1687 &
1572 1663 1650 1692 grata
1663 1654 1825 1696 habituros,
1845 1654 1928 1685 &ex
1949 1654 2048 1686 nostra
2069 1663 2149 1694 parte
2171 1656 2335 1690 servaturos

1270 1697 1305 1728 &
1319 1706 1335 1727 a
1350 1696 1479 1728 Subditis
1491 1693 1597 1726 nostris
1610 1693 1710 1725 servari
1725 1700 1886 1724 curaturos.
2336 1681 2349 1698 '

1314 1775 1335 1794 ³³
1355 1773 1389 1805 In
1405 1774 1483 1811 cuius
1498 1773 1538 1804 rei
1548 1770 1768 1804 Testimonium
1781 1769 1831 1801 has
1846 1767 1954 1801 Literas
1966 1769 2079 1803 nostras
2091 1771 2153 1804 fieri
2165 1771 2290 1806 fecimus
2296 1773 2353 1808 Pa·
2367 1779 2389 1802 ο
2413 1782 2483 1813 xxg

2367 1820 2434 1859 528.

1273 1822 1373 1845 tentes.

1311 1889 1403 1937 Teste
1419 1888 1535 1929 Meipso
1550 1888 1624 1932 apud
1640 1885 1923 1930 Wstmonasterium,
1935 1886 2085 1931 ⁶vicesimo
2107 1890 2211 1929 quinto
2224 1890 2272 1922 die
2286 1890 2351 1930 Ja-

1273 1941 1384 1969 uuam,
1403 1929 1492 1960 Anno
1507 1928 1603 1966 Regni
1618 1926 1709 1957 nostri
1724 1925 1856 1957 Decimo
1871 1927 2006 1965 septimo.
2344 1927 2350 1930 ’

1441 2005 1639 2043 Subscriptum
1655 2014 1706 2044 per
1721 2003 1813 2043 ipsum
1827 2002 1962 2043 Regem,
1976 2002 2011 2035 &
2032 2001 2189 2042 signatum.

2059 2079 2174 2127 (farolus
2198 2081 2243 2118 R.·

1310 2162 1349 2195 Et
1371 2160 1520 2202 figillatum
1549 2169 1658 2201 magno
1672 2159 1772 2200 Sigillo
1795 2157 1924 2198 Angliae.

1322 2288 1494 2336 Ratificatio
1518 2287 1731 2324 Articulorum
1754 2285 1962 2368 peristorum
1979 2296 2036 2335 per
2056 2288 2169 2336 Regem
2189 2290 2303 2325 Portu·
2331 2284 2335 2289 ’

1719 2344 1727 2380 1
1747 2348 1794 2384 ga
1819 2340 1859 2370 iae.
2296 2330 2305 2338 ¹

1285 2433 1356 2497 M
1366 2424 1465 2457 UIT
1475 2423 1506 2455 Ο
1524 2423 1582 2456 alto
1605 2434 1622 2455 e
1646 2423 1739 2455 muito
1753 2420 1903 2453 Poderoso
1926 2422 2064 2462 Principe
2083 2421 2214 2457 Irmmao
2227 2433 2246 2457 e
2295 2427 2358 2460 'mo

1373 2474 1411 2495 en
1427 2463 1512 2495 Dom
1535 2466 1642 2493 Ioanno
1663 2472 1712 2501 per
1733 2462 1821 2502 gratia
1837 2460 1874 2492 de
1891 2460 1973 2493 Deos
1987 2462 2052 2502 Rey
2071 2462 2109 2495 de
2126 2435 2304 2502 Portugaf’en
2302 2466 2358 2499 dos

1283 2503 1425 2541 Algerves
1441 2503 1477 2547 de
1491 2512 1580 2542 quem
1595 2513 1612 2533 e
1626 2501 1662 2533 de
1686 2501 1761 2533 alem
1781 2510 1843 2531 mar
1863 2509 1911 2530 ern
1935 2501 2063 2542 Africa,
2084 2501 2178 2535 Senot
2196 2503 2235 2535 de
2248 2507 2338 2538 Ginne

1282 2543 1336 2575 eda
1351 2541 1502 2588 conquii'ta
1518 2550 1593 2572 nave
1605 2550 1696 2585 gacao
1711 2539 1909 2570 Commercio
1924 2539 1960 2572 da
1975 2540 2127 2581 Ethiopia‚
2144 2542 2259 2574 Arabia
2286 2528 2358 2576 Per!

1281 2582 1321 2622 fia
1337 2591 1353 2610 a
1368 2582 1405 2624 da
1417 2580 1517 2619 India,
1535 2578 1597 2624 &a
1636 2579 1736 2611 hnvio
1753 2579 1847 2609 murro
1861 2588 1930 2609 amo
1940 2588 2056 2617 eprezo
2072 2581 2257 2613 havendome
2265 2565 2358 2617 ’Deos

1282 2619 1368 2652 noffo
1387 2621 1480 2651 {inhor
1505 2619 1578 2650 ferto
1599 2628 1699 2650 merce
1723 2617 1760 2648 de
1784 2627 1832 2648 me
1854 2616 1995 2649 Restituit
2012 2630 2028 2649 a
2043 2614 2144 2651 Coroa
2163 2619 2254 2652 dest&
2276 2631 2360 2654 meus

1283 2660 1406 2705 Reynos
1417 2669 1473 2701 quc
1488 2667 1541 2697 pur
1554 2656 1581 2688 el
1594 2657 1661 2702 Rev
1678 2657 1714 2688 de
1727 2655 1851 2686 Casteila
1866 2666 1937 2687 erno
1951 2656 2053 2695 injusta
2067 2667 2084 2688 e
2105 2659 2245 2694 tirannica
2260 2654 2360 2691 mente

1285 2699 1436 2736 usurp-anos
1451 2707 1467 2727 e
1481 2699 1534 2728 dos
1550 2705 1630 2735 quais
1644 2700 1703 2727 iem
1717 2694 1904 2726 contradicao
1919 2705 1935 2725 e
1947 2705 2018 2726 com
2033 2705 2111 2734 gerat
2133 2696 2267 2736 applauso
2282 2707 2359 2729 con-

1283 2746 1430 2769 tentamen
1448 2736 1484 2767 de
1506 2745 1586 2779 meus
1607 2733 1740 2767 vassallos
1752 2733 1833 2764 eston
1848 2732 1883 2764 de
1899 2733 1978 2773 polle
2000 2734 2241 2767 elembrandome'
2263 2736 2300 2768 da
2314 2736 2359 2768 Ir-

1284 2776 1425 2807 mandade
1441 2783 1495 2812 paz
1511 2774 1629 2805 aliancas
1644 2774 1700 2803 boa
1714 2771 1872 2802 Armizade
1884 2781 1901 2802 e
1916 2772 2174 2810 correspondencia
2196 2784 2253 2813 que
2275 2783 2359 2809 entre

1283 2825 1317 2845 os
1331 2815 1473 2846 Senhores
1490 2814 1568 2851 Reys
1584 2811 1682 2842 noffos
1694 2809 1911 2841 Predeceffores
1925 2810 2037 2849 sempre
2058 2820 2137 2842 ouve
2158 2821 2175 2842 e
2188 2813 2237 2843 das
2256 2813 2359 2853 Majo-

1284 2863 1326 2885 res
1344 2862 1442 2883 rezoes
1457 2861 1474 2882 e
1487 2851 1707 2882 conveniencias
1726 2859 1782 2888 que
1796 2850 1906 2888 agorais
1920 2849 1946 2879 se
1964 2848 2125 2881 offerecem
2135 2859 2200 2890 para
2216 2851 2243 2883 se
2258 2852 2296 2884 de
2313 2863 2361 2884 re..

1285 2902 1375 2923 nouar
1387 2902 1404 2922 e
1422 2889 1578 2934 establecer
1591 2898 1673 2920 entre
1688 2897 1741 2920 nos
1759 2897 1830 2918 com
1844 2886 2002 2919 Dobrados
2016 2886 2152 2920 vincul'os
2168 2900 2184 2920 e
2198 2890 2344 2931 seguracas

1289 2941 1337 2961 me
1361 2939 1481 2969 pareceo
1503 2938 1601 2960 eiiviar
1622 2927 1691 2967 logo
1712 2937 1728 2959 a
1742 2926 1781 2957 V.
1799 2924 1985 2997 Magodepor
2000 2937 2080 2958 rneus
2100 2915 2364 2964 Embraxadoresfi

1287 2973 1360 3000 Dom
1375 2973 1478 3013 Antao
1490 2965 1673 3012 delAlmada
1694 2965 1731 2996 de
1752 2975 1821 2996 meu
1859 2972 1862 2977 ·
1896 2966 2015 3004 nselho,
2035 2976 2092 3005 que
2113 2975 2175 2998 tem
2188 2968 2233 2999 sua
2246 2971 2361 3007 origem

1288 3008 1323 3039 da
1337 3017 1451 3055 antiqua
1464 3008 1587 3038 nobieza
1601 3006 1636 3037 de
1653 3005 1817 3043 Inglaterra
1826 3027 1835 3043 ‚
1854 3016 1871 3037 e
1884 3015 1901 3035 a
1916 3007 2028 3035 Dontor
2039 3004 2184 3046 Francifio
2197 3007 2362 3040 deAndra-

1289 3048 1320 3077 de
1334 3050 1435 3093 ⁴[3⁶21th
1457 3046 1494 3077 de
1517 3055 1585 3077 meu
1605 3044 1742 3089 conselho
1759 3054 1777 3074 e
1798 3052 1867 3075 men
1885 3043 2139 3082 Desembargador
2154 3044 2192 3075 de
2211 3045 2293 3077 Paeo
2305 3047 2363 3079 dos

1290 3097 1367 3125 quais
1388 3096 1442 3125 por
1461 3085 1519 3116 suas
1539 3082 1716 3122 qualidades,
1733 3090 1824 3121 partes
1836 3093 1852 3114 e
1867 3083 2044 3122 experiencia
2064 3083 2115 3114 fair
2133 3082 2200 3114 toda
2221 3093 2236 3113 a
2251 3084 2361 3124 Mayor

1289 3125 1439 3170 confianca
1454 3133 1574 3168 paraque
1588 3132 1636 3153 em
1654 3132 1740 3159 meu,
1757 3131 1848 3152 nome
1864 3121 1932 3152 dem
1947 3130 2033 3152 couta
2048 3132 2064 3152 a
2078 3119 2117 3152 V.
2133 3120 2306 3158 Magestade
2321 3124 2362 3155 de

1292 3165 1391 3209 minha
1413 3164 1572 3207 restituiaco
1596 3172 1612 3192 a
1638 3161 1694 3192 esta
1709 3160 1810 3191 Coroa
1823 3159 1886 3191 elhe
1901 3159 2098 3199 fignifiquem,
2122 3160 2214 3190 obom
2229 3162 2331 3193 animo
2345 3173 2364 3196 e

1291 3203 1439 3247 particular
1454 3202 1572 3232 Dezeio
1579 3210 1648 3231 com
1658 3209 1714 3240 que
1727 3199 1809 3230 eston
1823 3209 1888 3238 para
1898 3208 1967 3230 aver
1980 3199 2017 3229 de
2028 3197 2180 3229 confirmat
2194 3208 2210 3229 e
2226 3199 2364 3233 restaurat

1291 3253 1320 3273 as
1343 3251 1474 3285 antiquus
1497 3239 1653 3271 Amizades
1672 3249 1690 3269 e
1712 3237 1983 3274 coufecieraciones,
2006 3246 2022 3266 e
2045 3246 2072 3265 as
2085 3236 2240 3269 acresentar
2257 3238 2362 3272 Muito

1293 3280 1485 3312 embeneficio
1500 3278 1656 3311 communi
1669 3278 1706 3308 de
1719 3275 1815 3307 noffos
1830 3276 1950 3313 Reynos
1962 3285 1979 3305 e
1994 3272 2132 3306 Vassallos
2146 3286 2163 3307 a
2178 3276 2251 3308 tudo
2264 3287 2285 3309 o
2302 3289 2362 3318 que

1292 3329 1326 3349 os
1338 3320 1462 3350 mesmos
1476 3328 1555 3349 meus
1571 3315 1787 3348 Ambaxadores
1800 3313 1936 3344 differem
1951 3323 1967 3343 e
1982 3321 2111 3351 propuze
2125 3324 2189 3345 rern
2202 3316 2239 3347 de
2258 3318 2343 3350 minh
2364 3307 2366 3310 V

1293 3366 1370 3402 parte
1384 3368 1460 3396 peco
1475 3357 1570 3388 muito
1582 3364 1683 3386 encare
1695 3352 1858 3384 cidamente
1869 3363 1885 3383 a
1897 3352 1936 3384 V.
1950 3350 2121 3390 Magestade
2135 3364 2190 3393 que
2207 3328 2365 3388 mandedai·

1295 3405 1397 3427 interra
1420 3396 1466 3427 fee
1485 3406 1502 3427 e
1523 3394 1631 3426 credite
1655 3401 1745 3423 corno
1765 3401 1783 3421 a
1806 3390 1908 3421 minha
1919 3393 2033 3429 propria
2055 3392 2151 3428 pessoa
2165 3403 2182 3424 e
2194 3403 2214 3424 o
2250 3404 2285 3426 ue
2298 3395 2368 3428 elles

1296 3434 1483 3479 assentarem,
1508 3440 1706 3472 promoterem
1726 3440 1743 3460 e
1763 3429 1967 3468 capitularem,
1993 3431 2158 3471 comprirey
2171 3442 2188 3463 e
2243 3433 2368 3474 andare,

1297 3480 1558 3512 comprirmanter,
1583 3481 1600 3502 e
1619 3477 1757 3514 executor
1778 3467 1837 3498 sem
1860 3468 1976 3510 cluvidy
1996 3478 2064 3500 nem
2077 3470 2144 3502 salta
2156 3470 2257 3510 alguna
2279 3481 2296 3502 a
2310 3482 2371 3512 que

1297 3522 1353 3550 por
1368 3512 1426 3543 esta
1441 3520 1517 3543 carta
1534 3520 1582 3541 me
1593 3509 1697 3546 obrigo
1711 3518 1728 3538 e
1744 3516 1765 3536 o
1782 3515 1919 3544 prometo
1932 3507 1969 3538 de
1985 3508 2071 3540 baixo
2082 3508 2119 3540 de
2136 3509 2234 3540 minha
2249 3509 2367 3548 palaura

1297 3550 1361 3582 esee
1374 3551 1427 3581 real
1439 3549 1531 3581 tendo
1544 3557 1599 3586 por
1613 3555 1694 3577 certo
1709 3554 1764 3584 que
1779 3547 1951 3577 receberano
1964 3547 2000 3578 de
2014 3546 2055 3578 V.
2063 3547 2233 3588 Magestade
2247 3558 2270 3580 ο
2282 3548 2369 3584 favor

1298 3590 1371 3633 born
1382 3611 1392 3627 ,
1406 3595 1580 3620 tratatnento
1594 3586 1632 3629 ὃς
1643 3585 1730 3628 breve
1744 3583 1900 3622 Despacho
1916 3595 1971 3625 que
1992 3586 2032 3616 he
2053 3595 2138 3618 rezao
2155 3585 2259 3618 Muito
2273 3588 2333 3621 alto
2346 3599 2368 3621 e

1298 3627 1402 3658 Muito
1419 3625 1566 3658 Poderoso
1585 3623 1721 3662 Principe
1740 3623 1868 3655 irmmao
1889 3634 1906 3655 e
1931 3626 2028 3663 primo
2043 3624 2129 3656 noss'o
2152 3624 2266 3657 Senhor
2286 3628 2329 3660 aia
2348 3637 2368 3660 a

1298 3667 1394 3735 pessoa
1409 3665 1446 3696 de
1460 3664 1500 3710 V:
1519 3661 1687 3708 Magestade
1705 3671 1721 3692 e
1741 3662 1786 3692 seu
1800 3663 1856 3709 real
1867 3662 1967 3695 estado
1979 3673 2028 3695 em
2041 3664 2089 3696 sua
2103 3663 2180 3697 santa
2201 3664 2305 3704 guarda
2323 3664 2369 3700 E.

1313 3713 1383 3736 crita
1396 3713 1446 3735 em
1460 3702 1564 3734 Ltsboa
1578 3711 1594 3732 a
1606 3711 1670 3731 xxn
1682 3700 1719 3731 de
1733 3701 1856 3740 Janerro
1872 3703 1908 3733 de
1926 3703 2016 3742 1641.

1339 3779 1497 3817 Subscript.
1515 3781 1597 3810 Dom.
1618 3780 1751 3811 Irmmaoe
1762 3782 1853 3819 primo
1868 3780 1901 3811 de
1920 3782 1954 3812 V.
1970 3777 2130 3819 mgestade
2144 3777 2174 3811 el
2180 3781 2236 3820 Rey
2249 3780 2285 3815 de
2298 3783 2370 3821 3013*

205 3843 314 3875 rania,
329 3835 495 3872 Algarviae,
513 3831 575 3861 &0
613 3825 695 3870 Rex)
714 3825 749 3867 {id
766 3824 835 3854 Nos
850 3824 972 3862 Legatos
994 3822 1026 3852 &
1051 3821 1187 3851 Oratores
1205 3820 1267 3850 suos
1377 3818 1466 3856 tugal.

206 3878 333 3913 miserit,
350 3874 402 3911 qui
417 3870 486 3901 Nos
499 3868 534 3898 de
551 3873 689 3903 propensa
701 3873 760 3899 eius
774 3862 949 3899 Voluntate,
969 3860 1135 3891 Arctiorem
1154 3858 1268 3889 Nobis—

205 3927 277 3950 cum
296 3911 461 3945 Amicitiam
476 3903 671 3939 conciliandi,
689 3910 772 3938 atque
787 3900 900 3931 firmam
915 3901 989 3930 inter
1009 3897 1122 3929 nostros
1137 3899 1267 3936 utrinque
1375 3894 1564 3934 superscript-

205 3955 346 3989 Subditos
361 3951 469 3982 Pacem
485 3947 518 3978 ὅ(
538 3940 786 3983 Benevolentiam‚
812 3940 958 3977 mutuique
981 3937 1167 3968 Commercii
1191 3936 1266 3966 cele-

204 3998 342 4029 britatem
362 3990 397 4023 &
416 3983 624 4025 frequentiam,
656 3977 818 4011 stabiliendi
838 3977 872 4010 &c
892 3975 1098 4014 conservandi,
1131 3975 1269 4010 cestim&

1338 3973 1387 4008 Ao
1404 3971 1506 4007 Muito
1523 3971 1584 4006 alto
1600 3981 1618 4005 e
1635 3972 1731 4007 inuito
1744 3968 1890 4008 Pederoso
1904 3968 2040 4012 Principe
2058 3936 2285 4015 Demscarolos
2298 3973 2374 4049 kz
