2561 4263
761 169 873 213 ET
958 168 1229 216 ACTA

38 266 115 300 Arm.
127 259 170 290 D.
226 253 403 286 Edwardm
421 253 570 294 Wardour,

75 1817 155 1845 *xx

47 1867 95 1893 49-

230 292 407 323 Willielmum
426 292 547 332 Becher,

229 331 373 362 Oliverum
386 330 534 370 Nicholas,

229 374 264 400 W
266 369 403 399 illielmum
420 369 499 407 Hm,

230 407 398 446 Francifium
416 407 560 447 Phillt'pps,
579 408 625 439 vel

229 446 421 490 Justigzia71nm
436 449 545 490 i’ovey,
562 457 654 479 unum
669 446 727 478 esse
745 449 897 488 volumus,
915 448 1120 481 possessoribus
1141 449 1174 480 &
1190 447 1254 479 Oc-

194 485 376 522 cupatoribus
401 485 498 515 talium
520 485 690 524 Graduum,
708 487 869 526 Scalarum,
895 488 1159 525 Pseudothiroium,
1182 486 1255 517 Pur-

192 523 384 562 presturarum
399 523 432 554 &
448 523 765 556 lncrochiamentorum
774 548 784 564 ,
804 536 893 564 quos,
908 537 991 566 quas,
1009 529 1041 558 &c
1058 537 1113 564 que
1125 526 1254 557 conside-

194 562 338 600 raveritis,
356 570 401 592 aut
415 562 497 601 aliqui
513 571 566 592 tres
582 563 626 594 vel
644 564 736 602 plures
751 562 895 604 vestrum,
913 576 1035 605 quorum
1056 565 1148 596 dictos

235 603 390 630 Dominum
407 600 634 640 Theshurarium,

232 641 384 669 Dominum
400 643 563 676 Conington
572 661 582 678 ,

233 678 407 716 Francissum
424 677 628 718 Windebanke,

232 718 424 746 Attornatum
440 716 602 746 Generalem
609 740 619 755 ,

231 753 433 785 Solicitatorem
451 754 612 785 Generalem
620 779 631 795 ‚

231 792 434 832 Supervifhrem
451 793 630 834 Generalem,

232 831 408 861 Edwardum
428 831 579 871 Wardour,

234 869 410 899 Willielmum
427 869 548 909 Becher,

232 907 379 938 Oliverutn
396 907 546 947 Nicholas,

234 948 277 978 W
275 945 416 977 illielmum
429 947 506 984 Hill,

233 985 401 1024 Franciftum
421 985 571 1024 Philltpps,
589 983 636 1014 vel

232 1023 426 1062 Jullinianum
444 1025 554 1061 Povey,
574 1031 665 1052 unum
677 1020 734 1052 effe
750 1023 903 1056 volumus,
922 1018 1159 1049 consideraverint
1175 1026 1262 1055 expe-

197 1064 303 1095 dientia
319 1071 500 1100 permanere,
518 1061 552 1090 ad
567 1059 809 1097 componendum
831 1067 902 1088 cum
925 1057 1029 1086 eisdem
1054 1056 1261 1086 Possefforibus

196 1104 230 1135 &
244 1100 476 1138 Occupatoribus
491 1099 526 1129 de
540 1098 699 1136 Gradibus,
717 1098 821 1135 Scalis,
842 1095 1051 1132 Pseudothiiis,
1069 1094 1261 1138 Purpresttiris

197 1143 232 1173 &
250 1138 504 1170 Incrochiamentis
518 1136 584 1174 iilis,
603 1147 656 1173 pro
671 1136 771 1166 talibus
784 1145 854 1166 vero
868 1134 1015 1165 Terminis
1031 1133 1134 1164 eisdem
1150 1133 1261 1164 Posiei-

198 1179 304 1210 foribus
320 1178 353 1208 &
369 1176 600 1212 Occupatoribus
615 1174 682 1204 inde
699 1175 856 1211 respective
874 1173 1081 1208 concedendis,
1102 1174 1136 1204 ὃς
1150 1182 1203 1209 pro
1218 1181 1262 1203 ta-

197 1219 272 1249 libus
286 1215 403 1245 Finibus
417 1214 464 1244 vel
482 1213 647 1251 Reditibus,
666 1213 710 1243 seu
721 1213 839 1244 Finibus
856 1210 1047 1244 &Reditibus
1062 1210 1177 1248 Nobis,
1196 1210 1261 1241 He-

196 1255 310 1286 redibus
324 1253 357 1283 &
373 1251 589 1283 Succefforibus
601 1251 701 1282 nostris
716 1253 746 1281 in
766 1262 797 1282 ea
813 1261 892 1288 parte
905 1250 1045 1281 solvendis
1064 1250 1121 1280 five
1138 1250 1260 1281 redden-

196 1294 254 1331 dis,
269 1291 436 1322 durantibus
451 1290 612 1327 respeffivis
631 1291 780 1322 Terminis
803 1291 872 1328 illis,
890 1289 1016 1328 qualibus
1037 1289 1121 1319 vobis
1143 1297 1190 1320 aut
1212 1289 1262 1320 ali-

196 1332 300 1372 quibus
313 1330 402 1360 tribus
417 1329 460 1359 vel
476 1329 601 1366 pluribus
621 1329 767 1368 vestrum,
785 1338 911 1368 quorum
928 1326 1071 1365 predictos

231 1370 381 1400 Dominum
401 1367 628 1406 Thesaurarium,

231 1410 381 1439 Dominum
399 1410 580 1444 Conington,

230 1444 403 1485 Franciscum
419 1445 622 1483 Windehanke,

234 1489 411 1516 Atornatum
428 1483 590 1513 Generalem
601 1506 611 1520 ,

233 1524 431 1554 Solicitatorem
449 1521 629 1557 Gmeralem,

234 1560 433 1600 Supervisbrem
452 1559 628 1596 Generalem,

237 1599 411 1631 Edwardum
431 1597 584 1636 Wardour,

236 1641 278 1669 W
277 1636 418 1667 illielmum
432 1635 550 1674 Becher,

236 1676 380 1707 Oliverum
400 1674 551 1713 Nicholas,

236 1719 272 1744 W
274 1714 414 1744 illielnsum
433 1713 514 1750 Hill,

236 1753 406 1790 Franctfium
424 1752 571 1790 Phillt'pp5,
588 1750 622 1781 &

236 1793 256 1812 ¹*
265 1791 456 1832 Justinianum
466 1793 556 1824 Povey
565 1812 573 1828 ,
583 1798 674 1819 unum
684 1790 739 1820 esse
754 1789 890 1820 volumus
898 1812 908 1828 ,
917 1789 1071 1820 secundum
1080 1789 1154 1820 sanas
1162 1787 1264 1818 discre-

203 1832 295 1862 tiones
309 1830 412 1861 vestras
429 1829 560 1867 expedire
576 1828 732 1865 videbitur,
749 1829 890 1866 concedi,
909 1828 981 1859 solvi
1003 1829 1048 1859 seu
1071 1828 1166 1865 reddi,
1185 1828 1214 1857 in
1233 1836 1264 1857 ea

203 1879 298 1908 parte,
317 1877 348 1899 ut
365 1868 490 1906 quelibet
506 1877 566 1905 pars
584 1876 782 1904 componens,
800 1869 959 1906 persolvens
982 1867 1082 1898 Nobis
1106 1867 1140 1896 ad
1165 1876 1264 1896 manus

202 1908 372 1945 Receptoris
387 1906 473 1937 nostri
492 1907 519 1936 in
536 1916 566 1936 ea
582 1914 660 1943 parte
680 1906 836 1944 specialiter
857 1906 1048 1937 constituendi
1066 1905 1210 1936 Denarios
1227 1913 1261 1935 ex

203 1946 365 1985 hujusmodi
390 1945 612 1984 Compositione
636 1945 681 1975 sua
706 1944 832 1983 debitos,
854 1945 1004 1984 specialem
1024 1946 1184 1975 Licentiam
1211 1953 1265 1982 pro

202 1986 419 2017 continuatione
434 1983 596 2022 hujusmodi
612 1983 744 2022 Gradus,
763 1983 862 2022 Scale,
882 1983 1079 2021 Pseudothin,
1099 1983 1267 2020 Purprestu-

203 2035 233 2056 re
249 2025 306 2055 five
318 2023 559 2054 lncroehiamenti
573 2023 612 2053 sui
626 2022 659 2053 ad
674 2022 851 2053 Terminum
869 2025 901 2054 &
917 2033 969 2060 pro
986 2023 1055 2054 Fine
1079 2023 1124 2053 vel
1139 2021 1265 2061 Reditu,

201 2063 248 2095 seu
264 2064 335 2094 Fine
349 2064 381 2093 δε
396 2062 503 2093 Reditu
521 2062 586 2092 inde
602 2061 764 2098 composito
786 2062 891 2092 habere
907 2062 1013 2100 valeat,
1029 2061 1184 2092 secundum
1207 2062 1268 2092 for-

204 2112 281 2133 mam
297 2104 330 2133 &
351 2101 490 2132 effectutn
505 2100 733 2138 Compositionis
748 2100 926 2139 hujusmodi,
943 2100 985 2132 Ita
1002 2110 1099 2131 tamen
1118 2100 1195 2139 quod
1204 2100 1269 2131 nul-

204 2141 247 2171 lus
263 2140 423 2171 Terminus
438 2140 476 2171 sic
491 2140 693 2170 concedendus
710 2140 828 2171 excedat
842 2139 977 2179 Triginta
991 2141 1025 2172 &
1044 2150 1135 2171 unum
1150 2141 1270 2178 Annos3

203 2180 248 2211 ita
262 2180 346 2210 etiam
361 2180 440 2217 quod
458 2189 518 2216 pars
533 2178 725 2218 Componens
739 2188 787 2216 per
811 2178 999 2209 sufficientem
1014 2177 1191 2209 Cautionem
1216 2179 1270 2210 sive

205 2219 389 2249 Securitatem
402 2219 436 2247 ad
453 2220 531 2247 usum
547 2216 678 2247 nostium
694 2218 894 2248 inveniendam
910 2217 994 2248 faciat
1013 2217 1082 2248 Nos
1097 2218 1220 2248 Securos
1235 2218 1272 2249 de

206 2256 325 2295 Gradu,
342 2256 420 2287 Scala
437 2257 482 2287 vel
501 2255 688 2286 Pseudothiro
702 2257 776 2286 unde
789 2255 1044 2294 Compofitionem
1061 2257 1221 2294 hujusmodi
1230 2257 1274 2288 fe-

209 2298 269 2334 cit,
287 2295 476 2326 custodiendo
493 2303 522 2325 ut
540 2304 573 2324 ex
595 2303 663 2325 tunc
677 2295 809 2332 deinceps
823 2295 898 2326 nulla
914 2294 1111 2326 Mercimonia
1121 2295 1277 2326 Custuina-

208 2335 275 2364 bilia
290 2333 335 2363 seu
350 2333 490 2371 prohibita
508 2343 558 2370 per
574 2332 705 2363 Gradum
716 2356 725 2371 ,
742 2333 853 2364 Scalam
871 2334 915 2364 seu
934 2332 1153 2365 Pi'eudothirum
1171 2335 1216 2365 illa
1235 2334 1273 2364 de

207 2373 299 2403 Terra
314 2373 344 2402 in
361 2372 480 2402 Navem
496 2372 575 2409 eslzip
597 2380 678 2401 entur
689 2394 699 2410 ,
718 2372 762 2402 leu
777 2373 813 2402 de
829 2372 915 2402 Nave
933 2373 962 2402 in
977 2373 1099 2404 Terram
1117 2383 1274 2404 exoneren-

209 2420 271 2448 tur,
290 2421 344 2440 nec
366 2410 541 2448 Quisquilie,
585 2409 704 2450 lueres,
723 2411 838 2449 Fimus,
856 2412 943 2441 aliave
962 2411 1084 2443 Materia
1107 2414 1193 2450 turpis
1215 2412 1273 2443 slve

209 2449 329 2488 squalida
343 2450 372 2478 in
389 2449 498 2479 Rivum
518 2448 694 2486 predictum,
714 2450 748 2480 ad
763 2449 876 2480 Rivum
891 2449 972 2481 illum
989 2450 1274 2489 obstruendumpro-

206 2489 337 2528 jiciantur
351 2487 398 2517 seu
416 2488 597 2525 projiciatur,
617 2487 653 2517 Et
664 2488 744 2525 quod
756 2498 815 2526 pars
829 2489 883 2526 ipsa
896 2499 1096 2527 componens,
1115 2500 1164 2527 per
1178 2490 1204 2520 se
1218 2490 1275 2521 ser-

211 2527 338 2563 vientes,
354 2524 502 2562 Faerores,
522 2525 579 2555 sive
594 2525 721 2565 Agentes
734 2526 799 2557 suos
808 2528 966 2558 voluntarie
984 2538 1043 2559 non
1052 2530 1197 2565 permittat
1206 2528 1274 2559 Ma-

211 2565 375 2596 lefaetorem
393 2564 515 2601 aliquem
532 2564 641 2593 ratione
663 2565 779 2602 alicujus
801 2564 995 2604 Proditionis,
1015 2566 1148 2603 Murdri‚
1168 2567 1274 2597 I-lomi-

210 2604 297 2640 cidii,
318 2602 451 2639 Felonie,
471 2611 516 2632 aut
530 2601 598 2631 alius
615 2601 761 2632 Maiefaeti
771 2603 867 2641 fugam
877 2605 1048 2643 facientem,
1068 2615 1117 2642 per
1131 2605 1276 2643 Gradiim,

210 2643 322 2675 Scalam
338 2642 382 2671 seu
398 2640 616 2671 Pseudothirum
631 2640 713 2670 suum
732 2641 790 2670 ullo
805 2641 897 2672 modo
912 2643 1041 2673 evadere.

250 2681 287 2711 Et
300 2679 412 2709 ulterius
426 2679 509 2710 vobis
525 2679 569 2710 vel
582 2677 719 2716 aliquibus
731 2680 820 2710 tribus
837 2681 881 2712 vel
897 2680 1024 2718 pluribus
1040 2680 1184 2719 vestrum,
1200 2689 1275 2719 quo-

211 2729 278 2750 rum
296 2718 428 2755 praefatos

246 2760 396 2788 Dominum
414 2754 640 2794 Τίσείῖαιινανὶιινη,

248 2799 398 2827 Dominum
418 2798 581 2831 Conington
592 2816 601 2831 ,

248 2832 420 2873 Franciscum
438 2835 481 2863 W
483 2832 652 2871 indebanke,

250 2877 444 2905 Attornatum
462 2871 642 2908 Gmemlem,

251 2911 447 2942 solicitatorem
465 2909 645 2948 Generalem,
663 2909 709 2940 vel

250 2949 450 2989 Supervtfirem
467 2947 646 2987 Generalem,
660 2958 750 2980 unum
772 2947 830 2979 esse
849 2948 1001 2986 volumus,
1019 2946 1134 2986 plenam
1155 2945 1281 2985 potesta—

213 2997 273 3020 tem
289 2989 323 3019 &
337 2988 540 3017 authoritatem
555 2986 657 3018 damus
677 2998 727 3026 per
744 2987 899 3025 presentes,
915 2988 950 3018 ad
966 2986 1187 3017 concedendurn
1202 2985 1283 3016 cuili-

214 3029 264 3058 bet
283 3027 353 3064 parti
368 3026 555 3063 componenti
593 3026 673 3063 super
691 3025 853 3064 hujusmodi
871 3025 1094 3065 Compoiitione
1113 3025 1159 3054 sua
1176 3024 1282 3062 specia-

212 3066 272 3096 lem
289 3064 451 3094 Licentiam
466 3063 516 3093 sub
531 3048 669 3095 M’anibus
684 3066 717 3096 ὃ(
734 3064 836 3102 Sigillis
853 3064 952 3096 vestris
966 3064 1012 3097 vei
1026 3064 1186 3102 aliquorum
1194 3064 1281 3094 trium

215 3104 262 3137 vel
279 3103 400 3141 plurium
417 3101 561 3138 vestrum,
581 3111 710 3139 quorum
726 3102 818 3134 dietos

251 3144 400 3174 Dominum
417 3138 644 3179 Thesburarium,

250 3183 399 3211 Dominum
414 3182 590 3215 Conington,

250 3218 421 3258 Franciscum
439 3220 480 3248 W
480 3216 649 3255 indebanke,

251 3261 443 3288 Attornatum
460 3255 640 3294 Generalem,

251 3295 450 3326 solicitatorem
465 3293 644 3331 Generalem,
662 3292 708 3324 vel

252 3334 452 3374 Supervasorem
466 3332 642 3370 Generalem,
661 3341 750 3362 unum
765 3329 822 3362 esse
834 3329 968 3362 volumus
978 3354 988 3369 ,
1006 3330 1035 3360 in
1051 3329 1146 3362 forma
1159 3330 1283 3370 predicta

218 3372 394 3405 conficiendi
409 3382 463 3409 pro
477 3373 695 3403 continuatione
711 3369 870 3408 hujusmodi
892 3369 1024 3407 Gradus,
1043 3370 1140 3409 Scale,
1159 3371 1284 3403 Pseudo-

218 3412 300 3450 thiri‚
320 3409 502 3449 Purpresture
517 3410 574 3442 sive
592 3410 836 3441 Incrochiamenti
856 3408 913 3446 sui,
930 3408 964 3438 ad
981 3407 1159 3440 Terminum
1174 3411 1208 3441 &
1230 3419 1284 3448 pro

218 3451 291 3482 Fine
309 3450 353 3482 vel
370 3449 497 3486 Reditu,
511 3449 559 3480 seu
576 3448 648 3480 Fine
661 3449 694 3480 δε
716 3447 826 3478 Reditu
841 3447 908 3477 inde
927 3447 1109 3486 compofito,
1127 3448 1285 3480 secundum

219 3490 348 3520 sormam
361 3489 394 3520 &
413 3487 552 3518 effecssmm
569 3486 801 3524 Compositionis
815 3486 903 3524 illius,
922 3485 961 3516 Et
978 3485 997 3515 si
1014 3496 1075 3523 pars
1093 3486 1185 3525 aliqua
1198 3496 1285 3518 com-

241 3538 349 3566 onens,
364 3526 526 3565 hujusmodi
551 3525 714 3557 Licentiam
736 3535 786 3563 per
809 3525 917 3556 Literas
937 3523 1044 3555 nostras
1066 3524 1214 3565 Parentes,
1233 3526 1285 3556 sub

217 3538 340 3605 RAagno
353 3565 454 3605 Sigillo
469 3563 570 3595 nostro
584 3563 690 3602 Anglie
707 3563 900 3595 conficiendas
915 3563 966 3594 fibi
976 3563 1098 3595 concedi
1111 3564 1287 3596 desiderave-

219 3608 276 3644 rit,
294 3605 437 3636 Volumus
455 3604 489 3634 &
502 3613 552 3639 per
565 3603 705 3640 presentes
725 3603 910 3641 ordinamus,
927 3603 1008 3641 quod
1023 3613 1076 3634 vos
1098 3603 1222 3642 faciatis,
1240 3611 1288 3634 aut

221 3645 281 3676 duo
294 3643 352 3675 five
367 3643 458 3681 plures
476 3641 617 3679 vestrum,
636 3651 760 3680 quorum
775 3643 897 3680 prefatos

256 3685 408 3713 Dominum
422 3680 649 3719 Thesaurarium,
668 3679 714 3710 vel

259 3724 409 3752 Dominum
426 3722 604 3756 Conington,
621 3727 713 3748 unum
737 3717 793 3748 effe
815 3718 970 3755 volumus,
988 3719 1093 3749 faciant
1110 3719 1139 3748 in
1159 3728 1191 3748 ea
1212 3726 1292 3757 parte

223 3760 302 3798 fieri,
317 3759 464 3798 quoddam
477 3759 669 3790 Warrantum
691 3757 722 3786 in
741 3756 868 3795 scriptis,
887 3759 1016 3788 manibus
1035 3757 1155 3795 vestris,
1174 3766 1223 3788 aut
1241 3767 1292 3788 eo-

222 3798 360 3830 rumdem
373 3797 498 3829 duorum
512 3796 570 3826 sive
584 3794 707 3833 plurium
721 3794 850 3826 vestrum
874 3795 1105 3827 subscribendum
1114 3818 1124 3834 ,
1142 3797 1296 3826 continens

226 3837 258 3867 in
271 3838 298 3867 se
312 3836 565 3873 Compofitionem
581 3833 761 3872 hujusmodi,
781 3833 813 3864 &
826 3836 988 3864 Attornato
999 3835 1086 3873 nostro
1095 3833 1227 3865 Generali
1240 3844 1293 3872 pro

227 3881 360 3912 tempore
373 3874 501 3904 existenti
517 3873 700 3912 dirigendum
710 3894 720 3910 ,
736 3873 815 3909 super
831 3881 890 3909 quo
904 3873 1021 3909 quidem
1039 3873 1194 3904 Warranto
1218 3875 1294 3903 idem

230 3915 408 3942 Attornatus
423 3911 507 3951 noster
521 3911 662 3941 Generalis
682 3918 808 3948 preparet
831 3911 864 3941 &
884 3910 1037 3941 subscribat
1052 3911 1166 3949 Billam,
1186 3911 1294 3941 Licen-

232 3951 303 3981 tiam
316 3950 479 3987 huiusmodi
494 3951 522 3979 in
539 3950 564 3980 se
580 3951 798 3987 continentem,
816 3957 872 3987 que
887 3948 1003 3985 quidem
1026 3947 1096 3980 Billa
1115 3959 1164 3988 per
1180 3959 1231 3982 vos
1245 3956 1293 3980 aut

232 3988 343 4025 aliquos
356 3988 428 4018 duos
442 3988 499 4019 five
513 3988 605 4025 plures
621 3987 748 4019 vestrum
757 4011 767 4026 ,
784 3996 908 4026 quorum
923 3986 1044 4027 prefatos

271 4028 416 4056 Dominum
431 4025 660 4064 Thesburarium,
679 4026 726 4057 vel

275 4067 613 4134 Dontzlgnunilggttsstgitliif,
631 4074 723 4096 unum
737 4063 796 4097 effe
807 4063 960 4104 volumus,
977 4062 1077 4103 postea
1090 4062 1241 4104 subscripta
1257 4064 1301 4101 sit,

359 4112 410 4136 om.
473 4123 480 4131 .
530 4123 538 4132 .
592 4123 599 4132 .

1311 163 1798 212 PUBLICA.
2295 181 2347 227 35

1288 254 1323 284 &
1344 254 1394 284 erit
1414 257 1534 284 Domino
1556 253 1662 293 Custodi
1680 254 1782 294 Magni
1797 254 1888 294 sigilli
1904 254 1994 286 nostri
2011 255 2115 294 Anglie
2138 265 2191 295 pro
2213 265 2346 296 tempore
2366 257 2498 296 Αηῃῢξ

1291 292 1427 323 existente
1446 292 1586 323 sufficiens
1604 293 1809 331 Warrantum,
1826 304 1880 332 pro
1902 294 2078 334 Sigillatione
2090 295 2261 333 Transcripti
2277 296 2343 334 ejus·
2384 298 2472 338 1636,

1291 331 1359 360 dem
1372 330 1459 369 Bille,
1478 340 1548 362 cum
1562 330 1665 361 eodem
1680 331 1778 370 Sigillo
1791 332 1891 363 nostro
1905 333 1941 363 fic
1956 334 1984 362 iri
2001 332 2143 364 Custodia
2157 334 2203 364 lua
2216 333 2350 366 existente
2366 340 2418 369 An,
2434 349 2475 366 ιι.

1290 368 1362 398 adeo
1375 369 1514 400 sufficiens
1527 369 1560 399 δε
1575 369 1715 406 validum,
1733 379 1766 400 ac
1780 370 1799 400 si
1815 370 1884 401 Nos
1894 370 2014 410 Signum
2029 371 2162 402 nostrum
2179 373 2304 402 manuale
2312 374 2351 403 ei-
2366 379 2429 404 Car.
2453 385 2480 413 i,

1291 406 1360 436 dem
1378 407 1446 438 Bille
1458 417 1682 445 apponeremus,
1699 409 1732 438 δε
1749 410 1789 438 uti
1802 407 1871 440 Billa
1886 409 1931 439 illa
1945 410 1995 439 sub
2008 409 2098 448 Signo
2117 410 2216 440 nostro
2232 410 2347 441 Privato

1292 446 1325 476 &
1341 445 1459 476 Privato
1473 446 1571 485 sigillo
1588 445 1687 476 nostro
1700 445 1871 485 respeciiv'e,
1883 447 1919 477 ad
1936 447 2056 478 modum
2066 448 2189 478 usualem
2200 450 2351 486 transcrip-

1291 491 1318 513 ta
1334 484 1547 528 forer‚'eadem·
1565 493 1641 521 parte
1657 493 1856 522 componente
1870 486 1994 517 solvente
2011 486 2168 523 respectivis
2191 486 2350 518 Officiariis

1292 521 1447 552 &Clerims
1468 522 1548 559 Signi
1564 521 1654 552 nostri
1671 520 1776 554 Privati
1793 524 1828 555 &
1851 524 1956 555 Privati
1978 525 2064 563 Sigilli
2088 524 2194 561 nostri,
2214 525 2349 563 Qadra-

1292 561 1369 598 ginta
1384 560 1494 590 Solidos
1508 561 1619 604 Legalis
1636 560 1760 592 Monete
1775 561 1879 600 Anglie
1894 564 1927 594 ὃς
1943 573 2002 593 non
2018 563 2157 602 amplius,
2175 563 2213 594 Et
2230 567 2351 594 Domino

1293 597 1601 637 CustodiMagniSigilli
1614 599 1701 629 nostri
1716 600 1834 637 prediffi
1848 611 1901 638 pro
1914 609 2043 638 tempore
2058 601 2211 640 existente,
2228 612 2279 640 per
2287 612 2351 640 pre·

1292 635 1589 681 sentes-Mandamus,
1603 638 1680 675 quod
1699 638 1778 669 idem
1799 639 1929 677 Sigillum
1946 640 2093 677 nostrum,
2111 640 2149 671 fic
2170 641 2200 670 in
2221 640 2354 672 custodia,

1293 672 1341 716 sua
1354 673 1492 717 existens,
1509 674 1622 717 cuilibet
1634 675 1796 713 hujusmodi
1813 678 1997 717 Transcripto
2011 679 2116 717 apponi
2129 679 2229 716 faciat,
2248 679 2352 718 absque

1296 711 1393 756 aliquo
1412 711 1537 741 ulteriori
1552 712 1708 757 Warranto
1722 716 1736 744 a
1749 715 1867 754 Nobis,
1893 717 2053 748 Heredibus
2071 717 2118 749 vel
2138 717 2355 749 Successoribus

1296 750 1400 794 nostris
1412 750 1562 787 habende,
1579 751 1622 780 vel
1641 752 1799 784 obtinendo
1814 755 1843 784 in
1860 764 1889 785 ea
1906 764 1993 794 parte.

1328 788 1374 830 ‚Et
1382 787 1494 818 ulterius
1505 788 1706 832 volumusQ&
1716 800 1763 826 per
1776 792 1913 828 presentes
1934 794 2113 832 ordinamus,
2132 794 2210 832 quod
2227 794 2355 833 quelibet

1297 824 1392 856 Litere
1406 825 1501 856 nostre
1518 826 1648 856 Patentes
1661 837 1689 857 in
1702 827 1796 858 forma
1811 831 1844 861 ὃς
1859 839 1893 860 ex
1906 832 1988 863 causa
2004 833 2132 869 prediffis
2148 833 2355 872 prosequende,

1296 863 1348 895 fint
1364 865 1397 895 ὃς
1413 873 1496 895 erunt
1507 865 1605 902 bone,
1622 864 1721 903 firme,
1739 867 1829 897 valide
1843 870 1875 898 &
1893 869 2052 900 effeetuaies
2064 872 2091 900 in
2108 873 2242 902 omnibus
2255 872 2356 903 secun-

1297 901 1367 932 dum
1382 911 1512 933 tenorem
1528 903 1718 947 eorumdem„
1733 915 1765 935 ac
1780 906 1798 935 ii
1813 906 1907 937 eidem
1923 906 2018 938 Litere
2032 909 2127 939 nostre
2143 909 2274 941 Patentes
2290 920 2358 949 pro·

1297 940 1389 971 secute
1406 941 1500 971 forent
1518 941 1610 971 modo
1625 942 1723 979 usuali,
1740 943 1836 982 aliquo
1851 944 1982 983 Statuto,
2001 947 2095 984 Actu,
2113 948 2132 967 *θ
2149 948 2358 989 Ordinatione,

2392 940 2489 977 exte,-

1298 979 1485 1017 Provisione,
1503 979 1731 1010 proclamatione
1747 983 1793 1012 vel
1809 982 2002 1014 RestriCtione
2013 984 2042 1013 in
2059 988 2232 1016 contrarium
2247 988 2315 1018 inde
2327 990 2358 1018 in
2376 992 2425 1020 50·

1300 1018 1397 1060 aliquo
1411 1027 1471 1060 non
1486 1017 1680 1064 obstantibus,
1697 1017 1736 1061 Et
1754 1020 1820 1050 ideo
1838 1020 1927 1051 Vobis
1943 1021 2131 1060 Mandamus,
2149 1025 2227 1061 quod
2243 1026 2361 1062 premis-

1301 1060 1334 1085 irs
1348 1065 1428 1099 omni
1445 1065 1500 1099 qua
1521 1064 1649 1102 poteritis
1663 1056 1810 1100 diligentia
1831 1060 1995 1098 intendatis,
2011 1070 2044 1091 ac
2059 1071 2090 1091 ea
2109 1061 2214 1093 faciatis
2237 1066 2269 1095 δε
2291 1074 2361 1096 exe-

1299 1103 1428 1137 quamini
1442 1104 1473 1137 in
1488 1092 1584 1137 sorma
1597 1094 1745 1135 prediftiss
1764 1095 1801 1127 Et
1815 1096 2030 1136 inquisitionem
2047 1100 2122 1130 illam
2137 1102 2183 1131 vel
2199 1100 2361 1139 Inquisitio-

1298 1142 1347 1175 nes
1362 1132 1420 1162 illas
1432 1130 1567 1163 distinete
1583 1133 1616 1162 ὃς
1632 1135 1726 1176 aperte
1741 1136 1845 1165 fadiam
1863 1136 1907 1167 vel
1925 1136 2026 1174 factas,
2047 1137 2147 1168 Nobis
2163 1140 2193 1169 in
2211 1138 2361 1172 Cancella-

1298 1180 1372 1216 riam*
1392 1170 1517 1200 nostram
1536 1174 1690 1214 ⁸quamcito
1715 1175 1860 1212 poteritis,
1883 1175 1916 1205 ὃ(
1936 1175 2049 1205 tandem
2070 1177 2098 1206 in
2121 1177 2244 1217 Crastino
2259 1181 2361 1209 Sancte

1295 1211 1443 1253 Trimratrs
1462 1217 1595 1246 prOXimo
1610 1212 1724 1249 iuturo,
1742 1213 1909 1251 ubicunque
1925 1222 1995 1245 tunc
2017 1213 2169 1252 fuerimus,
2187 1217 2238 1246 sub
2259 1217 2287 1247 Si
2309 1218 2362 1248 illis

1297 1248 1396 1278 vestris
1407 1256 1454 1278 aut
1468 1247 1638 1291 eorumdem
1655 1250 1739 1280 trium
1759 1251 1802 1282 vel
1819 1251 1942 1289 plurium
1966 1251 2107 1291 vestrum,
2125 1263 2173 1290 per
2195 1265 2267 1293 quos
2288 1226 2362 1288 {reia

1298 1287 1343 1317 vel
1360 1286 1435 1317 faete
1448 1286 1531 1316 fuerit
1550 1287 1594 1316 vel
1610 1287 1716 1319 fuerint
1732 1290 1847 1322 mittatis
1863 1290 1897 1321 &
1910 1290 1958 1321 has
1975 1290 2065 1321 literas
2085 1291 2192 1322 nostras
2213 1293 2362 1332 Patentes;

1296 1324 1335 1356 Et
1358 1325 1471 1368 ulterius
1488 1325 1570 1355 vobis
1590 1325 1635 1356 vel
1652 1326 1792 1365 aliquibus
1811 1328 1900 1360 tribus
1917 1328 1962 1362 vel
1980 1329 2108 1367 pluribus
2127 1330 2270 1370 vestrum,
2290 1342 2365 1372 quo*¹

1297 1373 1363 1394 rum
1380 1363 1524 1401 prediCios

1335 1404 1482 1431 Dominum
1499 1401 1728 1442 Thefimrariscm,

1334 1443 1482 1470 Dominum
1500 1444 1677 1479 Conington,

1337 1478 1508 1516 Franciscum
1529 1481 1572 1508 W
1573 1479 1745 1518 indebanke,

1336 1520 1529 1547 Attornatum
1547 1518 1725 1556 Genuam,

1338 1554 1535 1586 Solicitatorem
1554 1556 1714 1586 Generalem
1722 1580 1733 1595 ,

1339 1593 1539 1633 Supervisbrem
1557 1594 1733 1633 Generalem,

1337 1632 1513 1663 Edwardum
1533 1632 1688 1673 Wardour,

1341 1673 1382 1702 W
1381 1670 1519 1701 illielmum
1538 1670 1659 1710 Becher,

1339 1709 1486 1741 Oliverum
1502 1709 1653 1749 Nicholas,

1340 1748 1512 1778 Willielmum
1531 1747 1612 1786 Hill,

1337 1786 1507 1827 Francigfcum
1523 1785 1671 1824 Phillipps,
1689 1785 1736 1816 vel

1335 1826 1524 1865 Juliinianum
1539 1827 1648 1862 Povey,
1669 1835 1758 1855 unum
1777 1825 1834 1857 effe
1849 1824 2003 1864 volumus,
2022 1824 2134 1864 plenam
2146 1826 2315 1866 potestatem
2330 1828 2365 1860 ὃς

1299 1866 1500 1896 authoritatem
1514 1863 1614 1894 damus
1621 1872 1670 1902 per
1684 1863 1838 1902 presentes,
1857 1865 1891 1895 ad
1901 1866 1999 1895 omnia
2016 1864 2146 1903 Gradus,
2163 1865 2272 1905 Scalas,
2283 1867 2368 1899 Pseu-

1300 1904 1432 1941 dothira,
1451 1902 1648 1940 Purpresturas
1663 1902 1695 1933 &
1712 1901 1964 1934 Incrochiamenta
1980 1904 2125 1942 predicta,
2146 1914 2235 1942 qum,
2251 1916 2318 1944 quas
2332 1907 2367 1936 δε

1300 1953 1357 2012 sue
1374 1941 1617 1974 consideraveritis
1631 1963 1641 1980 ,
1666 1950 1714 1972 aut
1736 1951 1792 1973 tres
1813 1942 1859 1974 vel
1880 1942 1971 1980 plures
1992 1942 2137 1982 vestrum,
2156 1953 2284 1982 quorum
2305 1953 2370 1983 pres·

1313 1990 1373 2012 atos

1341 2023 1492 2051 Dominum
1507 2017 1736 2059 Thesburarium‚

1342 2062 1492 2089 Dominum
1510 2061 1671 2094 Conington
1681 2081 1692 2096 ,

1343 2097 1512 2136 Franciscum
1531 2099 1573 2127 W
1573 2096 1745 2135 indebanke,

1344 2140 1537 2167 Attornatum
1551 2134 1732 2174 Generalem,

1345 2174 1543 2206 Solicitatorem
1562 2173 1739 2213 Generalem‚

1343 2212 1544 2254 Supervrsorem
1561 2212 1737 2252 Generalem,

1343 2252 1518 2283 Edwardum
1536 2251 1670 2281 Wardour
1680 2274 1691 2290 ,

1347 2291 1530 2321 Willielmum
1549 2289 1666 2327 Becher,

1348 2329 1494 2360 Oliverum
1513 2328 1664 2366 Nicholas‚

1351 2369 1532 2399 Willielmum
1550 2367 1628 2404 Hill,

1346 2407 1520 2447 Franciscum
1537 2405 1688 2444 Phillipps,
1713 2405 1761 2435 vel

1345 2446 1534 2485 Justinianum
1549 2447 1659 2484 Povey,
1677 2453 1768 2474 unum
1793 2442 1848 2475 esse
1872 2443 2026 2483 volumus,
2044 2442 2284 2475 consideraverint
2300 2442 2378 2474 inex-²

1309 2485 1448 2524 pedientia
1462 2493 1626 2524 permanere
1636 2506 1645 2520 ,
1661 2483 1774 2520 penitus
1787 2482 1870 2512 evelli
1884 2482 2044 2513 faciendum
2061 2485 2095 2515 ὃς
2108 2482 2255 2520 prosterni.

1346 2522 1462 2563 Provisb
1476 2523 1586 2560 semper
1601 2521 1684 2560 quod
1700 2520 1736 2550 he
1752 2520 1851 2550 Litere
1869 2521 1961 2551 nostre
1981 2521 2129 2559 Patentes,
2147 2530 2194 2551 aut
2215 2518 2330 2556 aliquod
2348 2518 2380 2549 in

1310 2562 1414 2594 eisdem
1429 2569 1622 2597 contentum,
1643 2569 1703 2589 non
1720 2558 1869 2588 exrendant
1882 2569 1937 2589 nec
1952 2560 2083 2590 extendat
2097 2560 2131 2589 ad
2146 2559 2381 2596 lnquifitionem,

1310 2600 1494 2638 Supervisum
1511 2599 1556 2630 vel
1575 2597 1838 2633 Compositionem
1857 2597 2041 2634 faciendum,
2060 2598 2095 2628 de
2105 2595 2383 2635 aliquibusMessua-

1312 2641 1377 2678 giis,
1397 2638 1548 2668 Domibus
1559 2658 1568 2673 ,
1587 2634 1718 2665 Edificiis
1728 2658 1738 2672 ,
1754 2634 1926 2674 Sauciuris,
1941 2636 2097 2673 Whardis,
2113 2634 2385 2672 Gardinis,Poma-

1313 2679 1380 2714 riis,
1397 2676 1496 2706 Terris
1507 2697 1516 2712 ‚
1534 2674 1728 2704 Tenementis
1740 2695 1750 2710 ,
1768 2672 1856 2710 Solo,
1874 2674 1978 2704 Fundo
1996 2676 2040 2704 seu
2060 2673 2302 2705 Hereditamentis
2319 2673 2384 2711 qui-

1313 2715 1480 2752 buscunque
1494 2714 1509 2743 ‘a
1524 2712 1624 2743 Nobis
1641 2721 1692 2749 per
1710 2711 1819 2742 Literas
1833 2712 1939 2743 nostras
1952 2712 2081 2744 Patentes
2094 2713 2145 2743 sub
2163 2712 2277 2751 Magno
2284 2710 2384 2750 sigillo

1313 2753 1412 2785 nostro
1430 2751 1535 2789 Anglie
1550 2750 1720 2786 confectas,
1735 2759 1865 2788 gerentes
1890 2750 2002 2782 Datum
2027 2750 2102 2790 apud
2125 2750 2275 2790 Wstmona
2299 2753 2384 2779 erium

1315 2793 1411 2831 primo
1425 2791 1471 2821 die
1489 2789 1574 2828 Junii
1587 2789 1678 2819 Anno
1694 2787 1793 2827 Regni
1814 2789 1903 2820 nostri
1919 2789 2038 2821 Odiavo
2049 2813 2058 2827 ,
2077 2790 2246 2826 quibusdam
2270 2787 2386 2819 Danieli

1316 2834 1378 2862 Lea
1393 2831 1426 2862 &
1439 2828 1557 2860 Ricardo
1572 2826 1663 2857 Smith
1674 2851 1684 2866 ,
1701 2827 1737 2858 ad
1751 2827 1832 2858 usum
1845 2828 1950 2867 Jacobi
1970 2837 2052 2868 nuper
2072 2831 2184 2858 Comitis
2202 2825 2386 2867 Carleolienfis

1316 2867 1506 2908 preconceffis
1524 2866 1570 2897 seu
1587 2866 1713 2896 concedi
1729 2867 1913 2898 mentionatis
1927 2869 2027 2905 quovis
2035 2867 2147 2905 mode,
2164 2866 2201 2897 Et
2210 2867 2322 2898 ulterius
2330 2874 2385 2895 voe

1317 2910 1414 2940 lumus
1428 2908 1462 2938 ὃς
1478 2915 1528 2944 per
1543 2906 1685 2943 presentes
1701 2905 1893 2942 declaramus,
1909 2905 1987 2944 quod
2001 2904 2038 2936 he
2057 2904 2151 2936 Litere
2167 2905 2263 2936 nostre
2279 2904 2386 2935 Paten-

1317 2957 1376 2986 tes,
1395 2946 1462 2976 licet
1478 2954 1528 2982 per
1542 2943 1826 2981 Adjournamentum
1843 2954 1903 2974 non
1919 2946 2140 2981 continuentur,
2158 2953 2218 2974 non
2228 2951 2324 2974 tamen
2332 2941 2388 2971 dis-

1317 2986 1520 3018 continuentur
1544 2982 1603 3014 ullo
1623 2981 1733 3020 modo,
1749 2981 1794 3012 sed
1821 2993 1880 3013 non
1899 2982 2030 3014 obstante
2048 2991 2228 3020 permaneant
2250 2983 2282 3012 in
2299 2979 2386 3019 pleno

1318 3026 1423 3056 robore
1437 3023 1470 3053 &
1484 3022 1585 3059 vigore
1602 3020 1664 3050 suis.

1355 3061 1531 3093 Mandamus
1555 3059 1640 3089 etiam
1662 3055 1894 3089 vicecomitibus
1915 3058 2051 3096 London,
2078 3058 2248 3097 Mia'dleftx,
2272 3061 2365 3089 Surrie
2378 3063 2386 3069 '

1319 3100 1406 3139 Effi’x
1427 3098 1466 3133 ῥ’
1488 3100 1617 3135 Καηιὶε,
1640 3096 1719 3134 quod
1736 3097 1771 3128 ad
1790 3106 1884 3128 certos
1906 3097 1964 3127 dies
1983 3098 2015 3127 &
2034 3097 2096 3127 loca
2120 3106 2193 3135 quos
2212 3097 2257 3126 vel
2273 3106 2328 3133 que
2345 3082 2383 3128 ad

1320 3141 1361 3171 ho
1372 3148 1390 3169 c
1407 3136 1585 3177 provideritis
1619 3143 1664 3164 aut
1682 3135 1760 3166 Tres
1778 3135 1823 3168 vel
1840 3136 1931 3174 plures
1948 3134 2091 3173 vestrum,
2107 3143 2230 3175 quorum
2244 3135 2367 3174 prefatos

1355 3178 1501 3206 Dominum
1519 3156 1747 3212 Thefi’zurarium,

1356 3216 1503 3245 Dominum
1520 3215 1678 3248 Cottington
1687 3235 1698 3249 ,

1355 3252 1527 3291 Francifium
1543 3249 1748 3288 Windffanke,

1356 3296 1547 3323 Attornatum
1561 3287 1740 3327 Generalem,

1356 3330 1554 3361 solicitatorem
1573 3326 1753 3365 Generalem,

1359 3367 1560 3407 Supervisbrem
1578 3365 1755 3404 Generalem,

1356 3407 1531 3439 Edwardum
1552 3404 1706 3442 Wardour,

1358 3444 1531 3476 Willielmum
1549 3442 1671 3481 Becher²

1361 3484 1508 3515 Oliveram
1525 3481 1677 3519 Nicholas,

1365 3526 1407 3555 W
1407 3522 1546 3553 illielmum
1564 3519 1643 3558 Hill,

1361 3563 1533 3600 Franciscum
1552 3558 1698 3597 Phillipps‚
1716 3554 1762 3588 vel
2206 3593 2211 3599 .

1359 3600 1551 3640 Justim‘anum
1569 3600 1678 3635 Povey,
1698 3604 1787 3626 unum
1799 3592 1856 3625 esse
1875 3592 2024 3632 volumus,
2041 3593 2111 3625 scire
2127 3593 2266 3632 fecerint,
2284 3602 2318 3626 ex
2328 3598 2389 3633 pars

1324 3650 1353 3672 te
1368 3639 1464 3671 nostra
1478 3638 1577 3668 venire
1591 3635 1698 3665 faciant
1716 3634 1761 3665 vel
1777 3633 1878 3672 faciat,
1893 3642 2019 3672 quorum
2038 3634 2123 3665 vobis
2136 3634 2223 3664 tribus
2237 3632 2284 3665 vel
2303 3634 2391 3672 pluxif

1326 3682 1396 3716 bus,
1417 3685 1542 3715 quorum
1578 3675 1677 3704 refatos

1364 3719 1511 3748 Dominum
1529 3712 1751 3752 Taefirurarium,

1367 3757 1516 3786 Dominum
1535 3754 1712 3786 Conington,

1367 3790 1534 3829 Francifium
1555 3790 1594 3819 W
1597 3786 1746 3817 indebanke
1752 3808 1763 3824 ,

1365 3835 1556 3863 Attornatum
1573 3823 1751 3862 Generalem,

1369 3869 1563 3900 Solacitatorem
1582 3861 1744 3894 Generalem
1753 3886 1763 3901 ‚

1369 3903 1567 3945 Supervisorem
1587 3901 1769 3940 Gmeralem,

1370 3943 1545 3976 Edwardum
1560 3939 1709 3979 Wara'our‚

1369 3984 1411 4014 W
1408 3980 1546 4012 illielmum
1564 3977 1683 4016 Becher,

1367 4020 1512 4052 Oliverum
1531 4015 1683 4055 Nicholas,

1373 4057 1552 4092 willielmum
1568 4054 1650 4093 ΗὶΙΙ,

1823 4088 1851 4120 E
1871 4098 1889 4118 2
2311 4084 2402 4117 Fran*
