2561 4263
825 191 936 232 ET
1025 190 1281 234 ACTA

120 264 199 296 3³¹¹·
211 265 252 297 D·
306 278 397 311 Teste
414 277 495 316 Rege
507 274 580 314 apud
594 274 721 314 eanhury
731 298 740 313 ,
757 275 879 314 septimo
894 276 938 308 die
953 278 1080 317 Augusti.

139 306 229 344 1639.

177 1237 220 1257 ¹2.

175 1617 218 1636 11.

155 2007 218 2033 Pan

121 2043 242 2081 βακκάρι,

119 2087 170 2111 No.
185 2091 199 2109 2
202 2091 230 2118 5.

162 2390 213 2418 24·

164 2791 210 2830 232

176 3144 223 3165 22.

178 3545 224 3564 ²1.

145 3610 164 3629 ὕ
181 3615 248 3643 XX.

131 3652 194 3691 386.

185 3901 231 3923 20.

826 354 880 384 Per
902 357 991 383 Breve
1008 355 1040 383 de
1056 356 1177 385 Privato
1195 351 1293 392 Sigillo.

307 429 454 468 Johannes
469 428 608 458 Goodman
619 451 629 467 ,
647 427 796 466 Clericus,
814 429 849 459 ad
868 429 1010 460 Vicariatn
1026 432 1059 461 &
1076 431 1232 462 Ecclesiam
1248 441 1329 467 paro-

268 468 391 499 chialem
406 467 443 497 de
459 467 600 507 Cranefley
617 469 646 497 in
660 467 812 498 Comitatu
825 468 1072 507 Northamptonie,
1092 470 1221 500 Diocesis
1238 472 1329 498 Petri-

265 505 414 544 burgenfis,
433 515 483 545 per
500 513 623 536 mortem
643 506 799 536 naturalem
816 506 908 536 ultimi
924 505 1121 538 Incumbentis
1133 508 1255 546 ejusdem
1269 509 1327 546 jam

265 553 435 580 vacantem,
454 544 487 574 &
503 544 536 574 ad
553 543 678 574 nostram
699 544 932 580 presentationem
955 547 1062 576 ratione
1085 547 1252 576 minoritatis
1274 546 1328 583 Jo-

266 581 369 611 hannis
387 581 550 617 Walhborne
572 583 605 613 &
619 584 730 611 Henrici
745 582 881 620 Robinfiin
900 585 1125 621 Armigerorum
1147 584 1328 614 Wardorum

266 620 453 657 nostrorum,
478 630 530 657 pro
551 620 606 650 hac
625 621 691 650 vice
711 620 885 658 spectantem
902 633 912 660 5
948 622 985 652 Et
1001 623 1160 662 diriguntur
1176 623 1214 652 he
1231 622 1328 652 Litere

265 657 412 697 Johanm‘,
433 658 630 695 Petriburgenfi
651 657 805 697 Episcopo.

303 696 393 728 Teste
407 695 489 736 Rege
506 696 580 734 apud
594 696 737 735 Canbury,
756 697 894 730 vicesimo
906 698 1013 729 oetavo
1030 698 1074 728 die
1087 697 1175 736 Julii.

823 777 877 804 Pcr
895 778 988 805 Breve
1004 774 1036 803 de
1055 776 1176 803 Privato
1194 770 1294 810 Sigillo.

307 849 418 881 Samuel
428 847 565 889 Gallara',
584 848 730 888 Clericus,
748 851 782 881 ad
803 850 969 881 Re&oriam
991 851 1049 880 sive
1070 849 1230 880 Ecclesiam
1248 857 1332 888 paro-

268 889 392 920 chialem
408 890 444 921 de
453 890 564 930 Beeston
576 890 813 926 SanHiAndree‚
831 888 962 919 Diocesis
977 888 1176 928 Norwicenfis,
1191 898 1239 926 per
1250 897 1330 917 mor-

269 935 329 959 tem
348 928 501 959 naturalem
522 930 613 959 ultimi
631 928 828 958 Incumbentis
844 927 966 965 ejusdem
985 929 1039 963 jam
1059 936 1225 964 vacantem,
1240 927 1274 957 ὃς
1295 925 1329 955 ad

266 966 398 997 nostram
416 967 647 1004 presentationem
665 967 774 996 ratione
794 966 912 995 minoris
925 967 1003 996 etatis
1019 964 1116 995 Thome
1131 965 1229 994 Corbet
1245 964 1330 994 Baro-

269 1006 355 1043 netti,
376 1015 427 1042 pro
443 1006 497 1036 hac
516 1006 581 1036 vice
600 1003 794 1042 spectantem3
814 1002 850 1034 Et
865 1004 1028 1041 diriguntur
1047 1004 1084 1034 he
1099 1003 1195 1035 Litere
1212 1002 1329 1033 Richar-

267 1044 321 1082 do,
339 1044 511 1084 Norwicenfi
523 1043 675 1080 Episcopo.

305 1082 398 1114 Teste
411 1081 499 1121 Rege
513 1081 586 1119 apud
601 1080 745 1119 Canbury,
762 1078 881 1111 decimo
897 1080 943 1111 die
960 1080 1132 1120 Septembris.

829 1158 884 1186 Per
903 1159 997 1188 Breve
1013 1158 1045 1187 de
1061 1160 1181 1188 Privato
1198 1156 1297 1195 Sigillo.

308 1234 459 1267 Nicholaus
473 1237 559 1272 Page,
579 1235 609 1265 S.
622 1231 662 1264 T.
678 1234 710 1266 P.
727 1233 763 1265 ad
779 1233 946 1266 Redioriam
965 1235 997 1265 &
1014 1234 1173 1266 Ecclesiam
1182 1235 1333 1274 parochia-

270 1275 327 1306 lem
342 1276 378 1305 de
395 1276 530 1311 Wmme,
552 1273 684 1304 Diocesis
703 1277 849 1302 coventrie
871 1272 910 1308 ᾤ’
932 1273 1088 1313 Lichensts‚
1104 1275 1166 1312 jam
1190 1274 1332 1316 legittime

269 1314 304 1344 ἃ
319 1314 355 1344 ‘¹⁶
366 1313 428 1356 ³²³oe
446 1311 1193 1381 V³⁶²me¹¹¹²si‘mssdnissifffssi‘iop‘eusssssffii‘'SeeTno‘ZfJ
1211 1313 1334 1380 *fil-'3033

268 1359 627 1426 {reemtiat‘sirlg’pi'oaliiitcatilixce
642 1388 835 1431 spetstantem3
873 1360 924 1419 th
932 1361 1092 1427 diriguiitur
1107 1390 1145 1419 he
1168 1361 1263 1419 Littire
1280 1392 1334 1418 Ro-

268 1428 360 1465 berto,
380 1431 529 1458 coventria
544 1426 582 1461 (ὧι
598 1427 735 1466 Lichenfis
749 1426 775 1456 E
797 1426 906 1463 tscopo.

306 1466 397 1498 Teste
413 1466 494 1506 Rege
510 1466 584 1504 apud
599 1466 725 1505 canbury
735 1488 745 1504 ‚
785 1467 882 1496 ecimo
899 1464 1006 1497 ocstavo
1023 1465 1070 1496 die
1086 1465 1258 1504 Septembris.

821 1543 876 1571 Per
895 1544 990 1571 Breve
1008 1542 1041 1571 de
1059 1542 1182 1571 Privato
1199 1540 1303 1579 Sigillo.

313 1622 414 1650 Bevon
428 1618 534 1650 Baldw
550 1629 586 1656 n,
607 1616 753 1654 Clericus,
773 1616 810 1649 A.
827 1617 875 1648 M.
890 1618 923 1648 ad
948 1617 1120 1649 Redioriam
1142 1617 1268 1650 Ecclefie
1291 1628 1339 1658 pa-

270 1659 404 1689 rochialis
419 1659 454 1689 de
469 1661 513 1687 Ai
529 1657 596 1686 adon
610 1657 673 1687 alias
687 1656 824 1695 Aifhton.
844 1658 876 1687 in
889 1657 1040 1687 Comitatu
1059 1656 1187 1695 Effixie,
1207 1658 1339 1688 Diocesis

269 1697 408 1736 London,
433 1706 483 1734 per
503 1705 631 1727 mortem
649 1696 805 1726 naturalem
824 1695 915 1726 ultimi
940 1695 1137 1726 Incumbentis
1161 1697 1266 1726 ibidem
1289 1707 1338 1726 va-

269 1744 385 1766 cantem
396 1758 406 1773 ,
421 1736 454 1765 &
467 1735 503 1765 ad
517 1733 642 1764 nostram
658 1733 894 1770 presentationem
911 1733 997 1771 pleno
1014 1734 1073 1771 iure
1087 1734 1282 1772 speeiantem3
1299 1734 1336 1765 Et

267 1774 426 1843 ssiigftiiitur
445 1773 483 1803 he
504 1773 599 1804 Litere
617 1771 769 1802 Willielmo
786 1772 906 1803 London
921 1772 1067 1810 Episcopo
1079 1797 1088 1810 ,
1106 1772 1222 1803 summo
1231 1773 1337 1811 Anglie

324 1822 339 1841 e
350 1822 467 1841 aurario.

306 1849 395 1881 Teste
409 1848 492 1888 Rege
507 1848 582 1887 apud
598 1847 745 1888 Canbury,
763 1847 881 1879 decimo
896 1857 999 1887 quarto
1015 1849 1060 1880 die
1076 1849 1248 1888 Septembris.

751 1926 805 1956 Per
824 1927 918 1957 Breve
938 1926 970 1956 de
989 1928 1112 1958 Privato
1131 1926 1232 1965 Sigillo.

304 2004 453 2036 Gulielmus
467 2005 568 2043 Hurd,
587 2004 736 2044 Clericus,
766 2003 802 2035 A.
825 2003 874 2035 M.
891 2005 924 2036 ad
945 2005 1116 2036 Rectotiam
1143 2004 1269 2036 Ecclesie
1286 2014 1337 2043 pa-

269 2044 404 2075 rochialis
418 2044 454 2075 de
468 2043 677 2082 Porthskewet,
695 2044 726 2073 in
734 2042 883 2074 Comitatu
900 2043 1096 2082 Montmouth,
1115 2043 1244 2075 Diocesis
1252 2046 1337 2081 Lan-

271 2082 357 2122 daff,
376 2092 426 2120 per
443 2091 568 2113 mortem
586 2081 744 2113 naturalem
760 2082 857 2114 ultimi
872 2082 1067 2113 incumbentis
1086 2083 1194 2113 ibidem
1207 2085 1266 2122 jam
1287 2093 1338 2114 va-

270 2131 349 2158 tem,
374 2123 408 2152 δι’.
424 2121 459 2152 ad
477 2120 602 2151 nostram
621 2120 853 2158 presentationem
873 2122 982 2151 ratione
999 2122 1118 2152 minoris
1138 2123 1217 2152 etatis
1236 2121 1336 2151 Thome

269 2162 366 2191 Lewis
380 2160 539 2199 Armigeri‚
558 2169 612 2197 pro
630 2160 682 2189 hac
702 2161 766 2190 vice
787 2160 980 2199 spectantem,
997 2159 1036 2191 Et
1050 2159 1213 2199 diriguntur
1230 2160 1267 2192 he
1281 2160 1334 2192 Li-

269 2207 330 2230 tere
344 2197 496 2237 Gulielmo,
515 2197 651 2236 Lana'aff
659 2197 817 2236 Episcopo.

306 2236 395 2269 Teste
410 2236 493 2276 Rege
510 2237 584 2274 apud
612 2236 872 2276 Wllmonasterium
885 2260 895 2276 ,
917 2237 1024 2269 octavo
1043 2236 1091 2268 die
1108 2237 1260 2269 Februarii.

817 2316 871 2346 Per
888 2317 982 2347 Breve
1004 2314 1037 2345 de
1057 2316 1177 2347 Privato
1195 2315 1297 2355 Sigillo.

310 2392 425 2423 Thomas
441 2391 628 2432 Ligshingtom
646 2392 676 2424 S.
691 2393 732 2424 T.
749 2392 782 2424 P.
802 2392 837 2423 ad
853 2392 1038 2425 medietatem
1055 2393 1195 2426 Rectorie
1210 2393 1337 2426 Ecclesie

272 2433 441 2470 parochialis
453 2433 488 2463 de
510 2432 652 2462 Burnham
668 2430 823 2470 VVeslgate,
844 2430 975 2463 Diocesis
996 2433 1191 2473 Norwicenfis,
1209 2434 1270 2472 jam
1289 2442 1340 2472 per

274 2479 402 2500 mortem
418 2472 573 2501 naturalem
592 2470 773 2501 Natham'elis
791 2469 947 2510 Thermon,
966 2469 1088 2510 Clerici,
1106 2471 1202 2502 ultimi
1218 2471 1340 2503 Incum-

273 2508 367 2539 bentis
377 2509 483 2539 ibidem
494 2518 658 2546 vacantem,
677 2511 710 2540 &
723 2509 758 2539 ad
773 2509 896 2539 nostram
911 2510 1148 2547 presentationem
1157 2512 1263 2542 ratione
1283 2511 1339 2541 mi-

274 2548 350 2576 noris
364 2548 443 2578 etatis
462 2547 598 2584 Johannis
611 2551 688 2577 Some
707 2548 772 2585 (pro
785 2547 839 2577 hac
854 2548 932 2584 vice)
950 2548 1133 2586 spectantem.
1158 2548 1196 2580 Et
1211 2549 1339 2588 dirigun-

275 2593 322 2616 tur
337 2586 372 2620 he
389 2585 483 2616 Litere
498 2585 652 2622 Richardo,
670 2584 846 2625 Noiwicenfi
860 2585 1014 2625 Episcopo.

295 2624 399 2670 „Teste
418 2624 505 2663 Rege
521 2624 595 2663 apud
610 2623 887 2663 Westmonasterium,
905 2625 1045 2655 vicesimo
1058 2634 1140 2656 nono
1155 2625 1201 2657 die
1222 2626 1339 2665 Janua-

272 2672 317 2692 271.

279 2711 281 2714 ·
767 2702 822 2730 Per
840 2702 933 2732 Breve
951 2701 984 2732 de
1001 2703 1122 2733 Privato
1139 2702 1238 2741 Sigillo.

312 2786 464 2817 Nicholaus
480 2788 613 2827 Moncke,
632 2788 780 2827 Clericus,
797 2787 832 2818 ad
850 2787 1018 2820 Recioriam
1035 2789 1162 2821 Ecclesie
1176 2791 1343 2828 parochialis

276 2825 313 2857 de
324 2830 485 2864 Torrington
498 2835 608 2865 parva,
628 2827 759 2858 Diocesis
775 2828 898 2864 Exonie,
913 2829 973 2865 jam
994 2828 1031 2858 de
1041 2830 1103 2866 jure
1120 2837 1289 2868 vacantem,
1307 2833 1341 2863 ὃς

277 2864 313 2894 ad
331 2865 458 2895 nostram
477 2867 711 2902 presentationem
729 2866 837 2896 ratione
854 2867 973 2896 minoris
992 2868 1073 2898 etatis
1093 2868 1237 2906 Johanm's
1253 2870 1342 2900 Rolles

278 2902 439 2940 Armigeri‚
459 2914 510 2940 pro
526 2906 580 2934 hac
596 2907 659 2935 vice
672 2904 865 2943 speetantem,
880 2904 918 2935 Et
933 2905 1096 2944 diriguntur
1115 2908 1153 2937 he
1174 2908 1271 2939 Litere
1283 2909 1343 2948 Jo-

273 2940 354 2978 Jepho
364 2963 372 2977 ,
391 2943 500 2970 Exonie
516 2941 673 2980 Episcop0.

313 2978 401 3009 Teste
419 2978 502 3018 Rege
518 2981 594 3018 apud
614 2980 892 3021 Westmonasterium,
911 2981 1032 3020 septitno
1049 2983 1094 3014 die
1110 2984 1260 3016 Februarii.

841 3059 896 3087 Per
914 3060 1007 3089 Breve
1023 3059 1056 3089 de
1071 3063 1190 3091 Privato
1208 3061 1308 3100 Sigillo.

316 3140 462 3179 Johannes
476 3141 565 3179 Loid,
579 3141 723 3180 Clericus,
746 3141 783 3172 A.
798 3140 846 3171 M.
855 3143 887 3173 ad
907 3142 1048 3174 Vicariam
1064 3145 1121 3176 five
1134 3145 1291 3177 Ecclefiam
1307 3148 1344 3179 de

277 3180 471 3220 Treveglwyx,
492 3180 621 3211 Diocesis
640 3179 835 3218 Bangorenfis,
849 3182 911 3219 jam
929 3191 976 3218 per
1000 3184 1224 3219 resignationem
1250 3187 1342 3216 ultimi

277 3217 475 3249 Incumbentis
488 3219 593 3249 ibidem
609 3220 664 3250 sive
676 3230 724 3258 per
739 3218 907 3251 Ceffionem
923 3230 1091 3259 vacantem,
1113 3224 1146 3253 &
1164 3223 1198 3252 ad
1214 3224 1342 3254 nostram

278 3256 514 3297 presentationem
538 3259 645 3288 ratione
669 3259 788 3288 minoris
807 3260 884 3288 etatis
908 3263 1005 3296 Rogeri
1022 3262 1107 3298 Pope,
1131 3269 1183 3298 pro
1202 3262 1257 3292 hac
1280 3265 1343 3293 vice

281 3294 478 3364 }pe&antem3
502 3295 540 3326 Et
558 3295 715 3336 diriguntur
739 3296 777 3327 he
796 3298 892 3329 Litere
911 3295 1062 3338 Gulielmo,
1088 3300 1258 3340 Bangorenfi
1272 3300 1343 3340 Epi-

294 3342 381 3369 copo.

319 3370 408 3402 Teste
425 3370 508 3411 Rege
526 3372 601 3411 apud
621 3373 901 3416 Wstmonasterium,
918 3375 1055 3407 vicesimo
1069 3375 1116 3406 die
1128 3377 1278 3416 Januarii.

763 3454 816 3484 Per
835 3456 929 3484 Breve
947 3453 980 3483 de
999 3453 1120 3484 Privato
1137 3454 1239 3494 Sigillo.

318 3535 468 3565 Nicholaus
483 3539 596 3575 Moore,
616 3536 761 3577 Clericus,
784 3540 821 3571 A.
838 3540 886 3571 M.
905 3540 938 3571 ad
963 3540 1131 3572 Rectoriam
1151 3541 1276 3573 Ecclesie
1292 3552 1343 3580 pa-

283 3574 415 3604 rochialis
430 3575 465 3605 de
482 3575 630 3605 Bradwell
633 3585 723 3614 Juxta
738 3581 838 3617 Mare,
854 3580 883 3609 in
898 3579 1045 3610 Comitatu
1062 3579 1171 3619 Effixie
1181 3604 1191 3619 ‚
1210 3582 1342 3612 Diocesis

282 3613 416 3657 Londore,
436 3615 494 3649 iam
517 3615 553 3643 de
569 3615 632 3652 jure
648 3625 796 3647 vacantem
807 3642 817 3656 ,
841 3618 861 3638 ²¹¹²
877 3619 910 3650 &
925 3619 958 3648 ad
968 3618 1093 3648 nostram
1108 3620 1339 3655 presentationem

303 3650 448 3727 ξῖιῖἓοέιὲτῗι
464 3652 654 3691 specstantem3
673 3652 711 3684 Et
729 3655 882 3694 diriguntur
894 3657 930 3688 lie
948 3657 1045 3687 Litere
1057 3657 1206 3697 Gulielmo,
1225 3659 1341 3689 London

317 3727 406 3759 Teste
426 3728 507 3769 Rege
525 3729 598 3768 apud
618 3729 896 3771 Wstmonasterium,
915 3732 1032 3764 decimo
1050 3734 1096 3765 die
1112 3735 1264 3766 Februarii.

843 3810 897 3838 Per
912 3812 1005 3840 Breve
1020 3811 1055 3841 de
1072 3814 1191 3842 Privato
1202 3812 1305 3850 Sigillo.

325 3887 440 3933 Thomas
458 3895 581 3933 Twitty,
607 3893 757 3932 Clericus,
778 3894 813 3925 A.
831 3893 878 3924 M.
900 3894 934 3925 ad
955 3894 1095 3928 Vicariam
1117 3898 1244 3930 Ecclefie
1261 3909 1345 3937 paro-

286 3925 387 3957 chialis
400 3929 435 3960 de
451 3932 584 3970 Eustone,
602 3933 732 3964 Diocesis
746 3936 870 3971 Exonie,
885 3935 944 3971 jam
963 3934 999 3964 de
1013 3936 1071 3971 jure
1086 3947 1253 3976 vacantem,
1263 3939 1295 3968 &
1310 3938 1343 3968 ad

285 3964 412 3996 nostram
424 3970 657 4005 presentationem
674 3973 783 4002 ratione
798 3973 916 4002 minoris
925 3973 1003 4002 etatis
1015 3972 1110 4002 Thome
1118 3974 1249 4006 Comitis
1257 3979 1345 4006 Βοω-

285 4013 335 4040 ne,
356 4013 406 4049 pro
423 4006 475 4049 hac
488 4009 552 4038 vice
564 4009 759 4048 spectantem3
793 4010 831 4043 Et
854 4011 1008 4050 diriguntur
1027 4012 1063 4042 he
1082 4012 1180 4045 Litere
1196 4014 1345 4052 Johanni‚

282 4046 388 4073 oxome
406 4042 556 4082 Episcopo,

319 4083 393 4111 Tam.
410 4083 466 4112 IX.
492 4085 525 4113 Ρ.
544 4085 587 4114 ΙΙ.

1365 191 1845 233 PUBLICA.
2358 211 2433 248 251

1390 275 1492 322 ⁴Teste
1514 276 1593 317 Rege
1611 275 1685 317 apud
1702 275 1974 316 Westmonasterium,
1999 278 2116 309 decimo
2140 278 2265 316 septimo
2286 278 2331 310 die
2352 284 2436 312 Mar-
2454 279 2561 311 Α1111.[

1407 429 1530 459 michael
1545 429 1660 468 Hudson
1672 452 1680 466 ,
1699 427 1849 465 Clericus,
1868 428 1902 458 ad
1920 428 2087 467 Hospitium
2104 430 2159 460 sive
2172 423 2319 467 Hospitale
2334 433 2429 461 Sandis
2444 401 2507 458 (Uri
2529 406 2549 422 ,Α

1368 466 1529 506 Johannis,
1547 470 1575 497 in
1596 470 1650 498 sive
1662 469 1741 506 juxta
1750 467 1957 504 Litterworth,
1975 470 2004 497 in
2016 468 2167 498 Comitatu
2186 468 2431 506 Leicestrie,Dio-

1367 507 1434 535 celis
1453 507 1611 543 Lincolnie,
1627 507 1685 543 jam
1703 506 1740 536 de
1748 507 1809 543 jure
1823 515 1991 543 vacantem,
2008 507 2041 536 &
2056 507 2089 536 ad
2106 508 2232 537 1101113111
2251 509 2431 546 presentatio—

1368 553 1435 572 nem
1457 545 1541 581 pleno
1562 545 1624 581 jure
1647 545 1846 582 spec‘iantem3
1874 543 1911 574 Et
1934 544 1985 574 diri
2008 554 2090 575 untur
2110 545 2147 574 he
2169 545 2260 575 Litere
2284 545 2432 583 Gm‘z‘elmo,

1370 582 1564 647 Cantuarienfi
1585 583 1814 621 Archiepiscopo
1829 605 1838 620 ,
1860 583 1970 612 ratione
2011 583 2180 620 uspensionis
2199 583 2333 621 Episcopi
2356 586 2428 614 Lin—

1428 631 1460 648 le.

1368 630 1394 648 w
1402 632 1492 687 Teste
1509 656 1589 696 Rege
1604 658 1675 696 apud
1695 657 1969 697 westmonasterium,
1984 659 2068 689 tertio
2083 658 2200 689 decimo
2218 659 2264 690 die
2279 662 2394 690 Martii.

1855 355 1910 382 Per
1929 357 2022 384 Breve
2038 353 2070 383 de
2089 356 2208 384 Privato
2225 353 2323 390 sigillo.

1926 736 1978 763 Per
1997 736 2092 764 Breve
2109 735 2141 764 de
2158 737 2276 766 Privato
2290 735 2391 774 sigillo.

1405 809 1554 848 Stephanus
1576 810 1686 847 Groffe,
1705 809 1733 839 S.
1751 809 1791 840 T.
1812 808 1847 839 P.
1866 810 1901 840 ad
1926 809 2092 841 Recioriam
2115 813 2148 843 &
2167 810 2321 843 Ecclesiam
2346 822 2431 850 paro-
2479 817 2540 842 Pari

1365 848 1487 878 chialem
1502 849 1537 878 de
1552 850 1782 886 Herstmomeaux
1796 847 1861 877 alias
1875 848 2127 888 Hurstmonceaux,
2146 850 2278 881 Diocesis
2293 852 2324 881 &
2336 851 2424 889 Juris-
2442 862 2505 880 nona
2517 873 2524 884 ,

1365 886 1500 916 dictionis
1520 886 1657 923 cicestrie,
1675 896 1724 923 per
1741 886 1857 915 liberam
1873 887 1906 916 ὃς
1923 887 2104 923 spontaneam
2120 889 2337 927 resignationem
2352 892 2427 919 Pau·
2445 894 2495 920 Νο.
2512 898 2557 926 ²7⁶

1366 925 1387 954 li
1402 925 1623 963 Mickletwaite,
1640 925 1669 954 S.
1684 925 1724 953 T.
1738 923 1772 954 P.
1785 926 1845 961 jam
1863 933 2029 963 vacantem,
2044 926 2079 955 &
2097 928 2131 956 ad
2149 927 2274 957 nostram
2289 928 2429 965 presenta-

1367 965 1476 993 tionem
1492 964 1597 993 ratione
1617 963 1787 992 minoritatis
1802 961 1938 1001 Francisci
1956 963 2081 993 Domini
2098 968 2202 994 Dacres
2215 965 2317 995 Wardi
2336 966 2425 996 nostri

1366 1012 1419 1038 pro
1437 1002 1561 1069 {at-..pce
1585 1001 1777 1039 spectantem
1797 1000 1833 1037 Et
1851 1001 2012 1038 diriguntur
2025 1002 2063 1033 he
2079 1002 2177 1033 Litere
2200 1005 2325 1043 Briano,
2341 1004 2429 1044 Cicesi

1368 1047 1420 1069 trie
1484 1049 1591 1076 lcopo.

1401 1050 1492 1109 Tesi'e
1511 1078 1592 1117 Rege
1609 1077 1684 1115 apud
1702 1075 1976 1117 Weslmonasterium‚
1992 1077 2099 1109 ostavo
2112 1078 2157 1109 die
2174 1079 2351 1111 Novembris.

1852 1155 1907 1184 Per
1925 1154 2017 1184 Breve
2031 1152 2064 1184 de
2083 1156 2204 1185 Privato
2222 1156 2322 1194 Sigillo.

1408 1232 1509 1261 Paulus
1527 1230 1768 1268 Micklethwaite,
1785 1230 1814 1262 S.
1830 1230 1871 1261 T.
1888 1230 1920 1261 P.
1935 1230 1970 1261 ad
1987 1230 2151 1262 Re6toriam
2172 1232 2367 1265 &Ecclesiam
2380 1244 2429 1273 pa-

1370 1271 1527 1301 rochialem
1545 1270 1579 1300 de
1595 1270 1719 1306 Sanam,
1740 1269 1870 1300 Diocesis
1885 1269 2041 1307 Lincolnie,
2064 1280 2112 1307 per
2132 1280 2257 1302 mortem
2274 1274 2429 1304 naturalem

1370 1309 1463 1339 ultimi
1478 1309 1676 1339 Incumbentis
1690 1308 1812 1345 ejusdem
1825 1308 1881 1345 jam
1898 1317 2067 1344 vacantem,
2085 1310 2159 1339 &ad
2176 1309 2302 1339 nostram
2319 1312 2429 1347 presen-

1371 1350 1528 1384 tationem,
1548 1348 1654 1377 ratione
1667 1347 1835 1376 minoritatis
1856 1348 1968 1376 Henrici
1984 1346 2107 1377 Domini
2123 1350 2233 1385 Spencer
2250 1348 2355 1378 Wardi
2379 1360 2434 1379 no-¹

1372 1385 1419 1415 stri
1435 1395 1487 1422 pro
1503 1386 1555 1415 hac
1571 1386 1635 1415 vice
1659 1385 1830 1421 spectantem
1845 1396 1856 1421 3
1881 1384 1920 1415 Et
1938 1384 2096 1422 diriguntur
2119 1386 2154 1414 he
2172 1386 2268 1416 Litere
2286 1386 2434 1426 Gulielmo,

1373 1423 1564 1490 Cantuarienfi
1593 1423 1841 1461 Archiepiscopo‚
1867 1424 1976 1454 ratione
1993 1423 2184 1461 Suspensionis
2206 1424 2339 1464 Episcopi
2360 1427 2435 1456 Lin-

1374 1473 1401 1491 CO
1413 1473 1466 1490 me.

1410 1498 1501 1530 Teste
1519 1498 1606 1537 Rege
1623 1499 1698 1536 apud
1718 1498 1990 1538 westmonasterium,
2009 1498 2117 1531 octavo
2131 1499 2175 1531 die
2196 1500 2315 1539 Aprilis.

2497 1237 2540 1264 26.

1858 1577 1912 1604 Per
1932 1577 2025 1605 Breve
2043 1575 2075 1604 de
2094 1578 2215 1606 Privato
2232 1577 2334 1615 Sigillo.

1409 1653 1558 1692 Johannes
1573 1650 1720 1691 Whalley‚
1739 1650 1889 1690 Clericus,
1915 1650 1953 1681 A.
1970 1650 2025 1694 M.
2039 1651 2073 1682 ad
2099 1650 2268 1684 Redioriam
2286 1655 2319 1685 ὃς
2339 1655 2443 1686 Eccle.

1375 1692 1442 1722 fiam
1470 1692 1664 1729 parochialem
1680 1694 1717 1721 de
1734 1690 1889 1728 Coſsgrave,
1911 1689 2038 1720 Diocesis
2055 1691 2230 1728 Petriburgen
2242 1703 2283 1730 is,
2301 1703 2350 1730 per
2370 1695 2442 1725 libe-

1375 1741 1436 1761 ram
1453 1733 1485 1763 &
1502 1731 1686 1768 spontaneam
1694 1729 1914 1767 resignationem
1929 1728 2023 1759 ultimi
2032 1728 2234 1760 Incumbentis
2246 1732 2368 1768 ejusdem
2383 1734 2440 1770 jam

1374 1779 1541 1807 vacantem,
1562 1770 1594 1798 δε
1610 1768 1644 1798 ad
1654 1768 1778 1797 nostram
1796 1767 2032 1805 presentationem
2049 1768 2159 1798 ratione
2167 1770 2333 1800 minoritatis
2348 1774 2440 1800 Fran-

1375 1808 1435 1846 cisti
1452 1808 1577 1838 Domini
1591 1810 1694 1836 Dacres
1711 1806 1814 1836 Wardi
1831 1804 1938 1843 nostri,
1959 1815 2011 1842 pro
2028 1804 2083 1836 hac
2103 1807 2168 1836 vice
2182 1805 2376 1847 spectanteni3
2401 1810 2438 1842 Et

1375 1848 1532 1884 diriguntur
1547 1846 1583 1875 he
1602 1845 1696 1875 Litere
1710 1843 1858 1882 Johanm',
1878 1843 2080 1882 Petriburgenfi
2097 1843 2254 1882 Episcopo.

1413 1884 1501 1917 Teste
1520 1883 1604 1923 Rege
1622 1883 1696 1922 apud
1716 1881 1995 1923 PVestmonallerium,
2012 1882 2130 1913 decimo
2148 1884 2195 1914 die
2210 1884 2332 1922 Aprilis.

2495 1666 2529 1695 25

1860 1960 1914 1990 Per
1935 1961 2029 1989 Breve
2046 1958 2080 1989 de
2097 1961 2220 1990 Privato
2232 1960 2337 1999 Sigillo.
2395 1998 2397 2001 ¹

1410 2038 1562 2069 Richardus
1584 2036 1713 2076 Legard,
1738 2036 1886 2075 Clericus,
1911 2036 1949 2067 A.
1968 2035 2016 2067 M.
2039 2037 2074 2067 ad
2092 2036 2260 2068 Rectoriam
2284 2039 2317 2070 δε
2335 2038 2439 2071 Ε6616<

1376 2077 1445 2108 siam
1462 2078 1657 2115 parochialem
1670 2076 1705 2106 de
1719 2076 1832 2106 Caldam
1853 2077 1917 2106 alias
1938 2075 2038 2105 Coldon
2053 2101 2063 2114 ,
2088 2074 2222 2106 Diocesis
2247 2077 2440 2119 Eboracenfis,

1374 2126 1423 2156 per
1437 2125 1563 2147 mortem
1576 2115 1731 2147 naturalem
1748 2115 1841 2145 ultimi
1851 2113 2050 2145 Incumbentis
2064 2114 2188 2150 ejusdem
2201 2115 2260 2152 jam
2278 2126 2442 2155 vacantem,

1376 2156 1409 2186 ὃς
1423 2155 1460 2185 ad
1473 2154 1601 2185 nostram
1614 2153 1856 2191 presentationem
1870 2155 1979 2182 ratione
1995 2153 2113 2182 minoris
2122 2153 2200 2182 etatis
2214 2153 2360 2192 Johannis
2371 2158 2443 2184 Ber-

1376 2194 1449 2224 nard
1461 2203 1512 2231 pro
1527 2193 1580 2224 hac
1595 2194 1659 2223 vice
1673 2191 1846 2229 spectantem
1859 2202 1869 2229 3
1887 2191 1925 2222 Et
1945 2191 2106 2230 diriguntur
2121 2191 2158 2221 he
2174 2191 2271 2223 Litere
2290 2193 2444 2233 Richardo,

1378 2231 1520 2262 Eboracen
1531 2241 1540 2259 ι
1554 2231 1791 2268 Archiepiscopo.

1410 2270 1501 2303 Teste
1547 2278 1598 2310 ege
1611 2269 1685 2308 apud
1698 2267 1977 2308 Wllmonasterium,
1999 2267 2117 2299 decimo
2131 2268 2250 2306 septimo
2267 2268 2314 2300 die
2332 2272 2417 2300 Maii.

2509 2050 2553 2077 ²4-

1867 2346 1920 2377 Per
1939 2347 2034 2376 Breve
2049 2344 2080 2375 de
2099 2346 2221 2377 Privato
2237 2345 2339 2384 Sigillo.

1416 2424 1557 2464 Johannes
1575 2423 1746 2463 Saltmarsh‚
1764 2423 1917 2463 Clericus,
1935 2423 1973 2455 A.
1993 2422 2038 2454 M.
2057 2423 2091 2454 ad
2106 2423 2277 2454 Re&oriam
2294 2424 2326 2456 δε
2341 2423 2444 2456 Eccie-
2513 2435 2527 2453 2
2533 2431 2561 2463 3.

1378 2465 1448 2496 siam
1464 2465 1655 2504 parochialem
1673 2465 1709 2495 de
1727 2463 1948 2503 lbesthcsterton,
1969 2464 1998 2493 in
2014 2463 2167 2493 Comitatu
2182 2464 2215 2494 ὃς
2237 2462 2353 2493 Diocesi
2370 2464 2444 2493 Ebo⁴

1378 2515 1455 2543 rum,
1473 2514 1524 2542 per
1539 2513 1663 2534 mortem
1677 2505 1833 2533 naturalem
1848 2502 1939 2532 ultimi
1955 2500 2153 2532 Incumbentis
2170 2500 2292 2539 ejusdem
2310 2502 2370 2539 jam
2394 2512 2442 2532 va-

1378 2552 1512 2582 cantem,
1530 2543 1563 2574 &
1590 2542 1626 2572 ad
1650 2541 1778 2572 nostram
1806 2540 2043 2577 presentationem
2064 2540 2151 2579 pleno
2167 2541 2230 2577 jure
2247 2539 2444 2578 spectantem·²

1378 2582 1417 2613 Et
1431 2582 1589 2620 diriguntur
1604 2584 1640 2611 he
1656 2581 1750 2610 Litere
1766 2578 1902 2608 Richardo
1912 2601 1921 2615 ,
1940 2578 2059 2607 Eburum
2078 2577 2311 2617 Archiepiscopo.

1416 2619 1507 2652 Teste
1521 2618 1605 2658 Rege
1619 2618 1694 2657 apud
1709 2616 1966 2657 Wellmonasteri'um
1977 2641 1985 2654 ,
1999 2617 2093 2654 primo
2111 2616 2158 2646 die
2173 2619 2257 2646 Maii.

1867 2694 1921 2722 Per
1938 2695 2032 2723 Breve
2050 2691 2082 2722 de
2098 2694 2223 2723 Privato
2240 2692 2341 2732 Sigillo.

1417 2772 1529 2804 Carolus
1538 2774 1730 2810 Harrington,
1739 2770 1870 2802 Clericus
1880 2792 1890 2808 ,
1912 2771 1944 2801 A.
1957 2768 2004 2799 M.
2021 2768 2056 2799 ad
2073 2769 2240 2800 Re&oriam
2249 2771 2281 2802 ὃ(
2290 2770 2448 2802 Ecclesiam

1380 2812 1574 2851 parochialem
1589 2811 1624 2842 de
1640 2811 1790 2850 Cathorpe,
1809 2820 1836 2840 in
1846 2808 1963 2840 Diocesi
1979 2807 2135 2846 Lincolnie,
2155 2808 2310 2839 Provincie
2323 2814 2448 2839 Cantua*

1380 2863 1437 2882 rien
1450 2862 1489 2889 is,
1502 2851 1560 2888 jam
1576 2850 1612 2880 de
1621 2850 1683 2887 jure
1699 2857 1862 2885 vacantem,
1879 2849 1913 2879 &
1930 2848 1965 2878 ad
1985 2846 2114 2877 nostram
2135 2847 2370 2884 presentationem
2386 2850 2447 2886 ple-

1379 2901 1419 2921 no
1430 2900 1492 2928 jure
1506 2889 1702 2933 spectantem,
1721 2888 1919 2926 Etdiriguntur
1935 2887 1974 2916 he
1992 2886 2088 2916 Litere
2098 2885 2246 2924 Gulielmo,
2264 2890 2448 2917 cantuarien-

1374 2929 1400 2971 ’β
1417 2929 1530 3000 Titii?
1551 2928 1692 3005 lesgggcpud
1707 2962 1982 3003 Westmonasterium,
1999 2962 2118 3002 decimo
2135 2962 2242 2994 ottavo
2256 2963 2301 2994 die
2316 2965 2402 2993 Maii.

2517 2785 2561 2805 22.

1864 3042 1919 3070 Per
1934 3042 2027 3069 Breve
2048 3039 2081 3069 de
2099 3041 2218 3069 Privato
2236 3038 2338 3077 Sigillo.

1418 3121 1568 3151 Gualterus
1593 3116 1820 3158 Blancanquall,
1845 3116 1874 3147 S.
1900 3114 1941 3146 T.
1963 3115 1995 3146 P.
2012 3125 2084 3146 unus
2108 3114 2330 3155 Capelianorum
2354 3114 2446 3155 Regis

1382 3160 1619 3196 ordinariorum,
1636 3158 1670 3187 ad
1685 3157 1872 3187 Decanatum
1894 3155 1948 3185 sive
1962 3154 2130 3193 dignitatem
2146 3154 2310 3184 decanalem
2319 3153 2445 3185 Ecclesie

1384 3198 1561 3229 Cathedralis
1574 3195 1782 3233 Dunelmenfis,
1799 3204 1847 3234 per
1865 3202 1991 3224 mortem
2012 3192 2164 3222 naturalem
2186 3192 2316 3222 Rithardi
2340 3195 2442 3231 Hunt,

1380 3237 1411 3268 S.
1425 3237 1464 3267 T.
1481 3235 1514 3266 P.
1531 3244 1577 3266 aut
1592 3236 1648 3265 alio
1662 3234 1752 3263 modo
1767 3241 1941 3271 quocunque
1955 3232 2010 3268 jam
2027 3240 2177 3262 vacantem
2189 3254 2201 3268 ,
2213 3232 2245 3261 &
2262 3231 2298 3261 ad
2314 3232 2442 3262 1101113111

1381 3275 1617 3314 presentationem
1635 3282 1668 3302 ac
1683 3272 1800 3302 liberam
1817 3271 2029 3308 dispositionem
2044 3279 2212 3307 quacunque
2234 3270 2341 3299 ratione
2355 3270 2443 3307 pleno

1377 3317 1440 3354 jure
1462 3313 1635 3351 speciantem
1649 3323 1660 3349 ·,
1687 3310 1726 3342 Et
1744 3311 1761 3329 ’¹¹‘
1777 3310 1936 3349 diriguntur
1954 3308 1990 3338 116
2009 3309 2104 3338 Litere
2125 3307 2222 3337 Thome
2235 3330 2248 3345 ,
2263 3309 2449 3350 ,Dunelmenfi
2462 3315 2479 3333 ⁸
2493 3315 2548 3343 xx

1430 3353 1486 3383 isco
1507 3361 1536 3382 o.
2482 3353 2498 3381 8
2522 3374 2530 3381 ,

1382 3353 1508 3423 EETestl}
1530 3390 1614 3429 Rege
1630 3387 1704 3429 apud
1720 3386 1998 3427 Wstmonasterium,
2016 3385 2092 3416 sexto
2105 3384 2149 3415 die
2163 3387 2248 3415 Maii.
2465 3361 2478 3390 3
2504 3363 2530 3390 ⁷*

2515 3136 2547 3152 21

1866 3466 1920 3494 Per
1936 3465 2030 3493 Breve
2047 3462 2080 3492 de
2098 3464 2219 3493 Privato
2236 3461 2337 3501 Sigillo.

1415 3545 1525 3577 Samuel
1535 3545 1647 3582 Baker,
1665 3543 1694 3574 S.
1709 3541 1752 3573 T.
1767 3541 1800 3572 P.
1817 3541 1850 3571 ad
1860 3539 2039 3571 Prebendatn
2054 3539 2110 3569 sive
2124 3539 2335 3571 Canonicatum
2351 3541 2443 3580 illum,

1378 3588 1409 3617 in
1425 3584 1551 3616 Ecclesia
1568 3583 1662 3614 nostra
1672 3581 1835 3612 Cathedrali
1846 3580 1878 3610 &
1891 3579 2103 3615 Metiopolitica
2118 3579 2214 3617 Christi
2224 3578 2441 3618 Cantuarienfie,

1381 3634 1467 3664 quam
1484 3622 1598 3654 Thomas
1614 3621 1738 3660 nsestley,
1756 3619 1784 3648 S.
1799 3619 1840 3648 T.
1857 3618 1886 3647 P.
1901 3627 1987 3654 nuper
2005 3617 2116 3654 habuit,
2133 3618 2166 3647 ὃς
2183 3627 2238 3654 jam
2253 3627 2301 3655 per
2315 3627 2439 3648 mortem

1380 3663 1532 3694 naturalem
1550 3661 1669 3699 ejusdem
1686 3658 1783 3687 Thome
1801 3655 1928 3695 Wstley,
1949 3664 2117 3692 vacantem,
2136 3658 2167 3685 ὅ(
2181 3658 2214 3686 ad
2231 3656 2354 3686 nostram
2374 3666 2439 3693 pre.

1378 3703 1563 3733 sentationem
1579 3701 1664 3737 pleno
1681 3699 1736 3734 jure
1746 3696 1918 3732 spestantem
1933 3706 1943 3732 ·,
1959 3693 2163 3732 Etdiriguntur
2176 3695 2211 3725 116
2222 3695 2315 3725 Litere
2337 3694 2443 3732 Guliel«⁶

1380 3752 1440 3778 mo,
1457 3736 1648 3776 Cantuarienfi
1666 3734 1897 3770 Arcliiepiscopo.
2086 3750 2089 3751 ν
2275 3771 2280 3776 Α

1415 3777 1502 3811 Teste
1516 3777 1599 3815 Rege
1613 3773 1687 3812 apud
1703 3770 1979 3810 nestmonasterium,
1999 3770 2116 3802 decimo
2130 3770 2236 3802 oetavo
2252 3770 2299 3801 die
2311 3774 2398 3802 Maii.

2510 3548 2544 3570 20

1864 3849 1918 3877 Per
1937 3849 2030 3877 Breve
2049 3848 2081 3877 de
2100 3850 2219 3877 Privato
2233 3847 2334 3886 Sigillo.

1418 3930 1532 3962 Thomas
1549 3932 1686 3962 Browne,
1705 3923 1854 3962 Clericus,
1870 3924 1889 3954 S
1917 3924 1958 3954 T.
1974 3923 2003 3954 Β.
2024 3924 2058 3954 ad
2074 3923 2284 3955 Canonicatum
2301 3925 2355 3954 sive
2369 3919 2439 3954 Pre-

1383 3971 1505 4002 bendam
1523 3974 1740 4004 quamcunque,
1757 3964 1827 3993 infra
1851 3962 2006 3993 Ecclesiam
2028 3962 2151 3992 nostram
2172 3964 2359 4001 Collegiatam
2380 3963 2437 3992 sive

1382 4011 1500 4039 liberam
1518 4004 1664 4041 Capellam
1680 4002 1803 4032 nostram
1824 4001 1948 4038 Regiam
1968 4002 2062 4030 Sand‘t'i
2078 4004 2199 4038 Georgii,
2217 4002 2287 4030 infra
2301 3999 2437 4029 Castrum

1385 4046 1515 4079 nostrum
1527 4044 1564 4075 de
1577 4042 1617 4073 W
1618 4039 1707 4079 incisor
1715 4062 1726 4079 ,
1745 4040 1835 4073 modo
1843 4048 1991 4110 vagantem
2002 4061 2011 4078 ‚
2028 4049 2077 4078 per
2091 4039 2207 4070 liberam
2217 4039 2441 4077 &spontaneam

1898 4087 1908 4108 1
1925 4087 1946 4108 2

2506 3929 2539 3956 ¹9

2381 4075 2446 4114 resi-3
