2561 4263
765 172 1197 218 REGINAE

157 259 212 289 ciis
225 257 259 288 &
271 256 372 294 pietate
391 254 536 296 crescent,
557 265 587 287 ut
600 256 743 290 summum
762 259 828 290 indi:
851 261 884 293 δε
899 261 1024 292 ῑῐιιᾶὶυῐῃ
1045 263 1079 294 &
1094 262 1227 300 volupta-

162 306 222 327 tem
236 296 330 326 ambae
345 302 520 331 percepturae
538 295 630 328 fimus.

186 334 235 378 L.
259 333 373 363 Femzel
389 333 411 376 'a
435 332 471 362 V·
487 334 515 364 S.
540 336 622 366 nobis
637 337 843 368 commendato
856 361 865 375 ,
889 339 959 368 cum
972 338 1016 376 jus
1031 339 1065 370 &
1082 338 1160 369 caufii
1175 337 1223 370 sua

163 372 234 402 nihil
243 371 395 402 commodi
416 370 524 403 adferre
541 377 672 413 potuerit,
680 377 714 406 ita
733 385 828 406 tamen
847 378 876 406 in
891 376 997 406 Vestrae
1013 377 1172 408 Serenitatis
1188 379 1220 409 &

162 409 342 441 Illustrisfimi
363 409 454 448 Regis
478 410 608 443 Poloniie
630 416 750 451 gratiam
766 415 791 445 ei
805 414 988 452 prospectum
1006 416 1062 446 esse
1075 416 1222 453 jussimus,

163 457 194 480 ut
216 448 336 493 vestram
356 451 638 482 commendationem
666 462 770 492 magno
792 453 829 482 illi
852 454 908 483 usui
928 454 1027 492 fuiffe,
1051 455 1152 485 merito
1167 455 1223 492 ipse

165 488 297 519 coni-‘iteri
309 487 420 518 debeat.
458 488 515 519 Sed
530 489 604 520 hanc
621 491 748 529 causam,
766 492 799 522 &
812 493 876 522 alias
891 502 950 528 res,
971 502 1034 529 quae
1058 493 1091 522 ad
1116 503 1169 523 nos
1190 494 1223 524 ὃ(

166 526 257 557 nostri
281 526 375 564 Regni
401 526 505 557 statum
528 528 668 566 spectant,
686 529 881 568 Hieronymus
899 530 1112 569 Makowicius,
1133 533 1175 562 vir
1191 533 1225 562 &

163 574 280 603 propter
295 565 382 595 fidem
399 567 484 595 vobis
498 567 602 596 merito
617 568 767 606 probatus,
794 570 826 600 &
849 578 959 609 propter
973 570 1151 608 prudentiam
1173 579 1227 598 no·

169 606 213 634 bis
226 603 310 634 valde
324 612 431 643 gratuS,
451 604 685 636 commodiffime
699 616 800 638 coram
825 607 861 638 V.
877 608 909 639 S.
931 608 1092 646 explicabit.
1128 606 1227 646 Deus,

166 643 229 674 ἃς.
266 642 353 680 Apud
368 641 485 680 D.Jac.
502 643 518 673 8
538 642 612 674 Maii
628 653 710 684 1554.

321 766 447 802 Alberto
471 772 587 802 Seniori
609 768 789 802 spiarchimi
813 768 1074 816 Brandeburgwfi.

168 852 388 911 lLlustriffime
409 853 444 885 P.
467 854 688 894 Consanguinee
713 856 746 886 ὃ(
777 855 883 886 Amice
906 854 1000 885 noster
1025 855 1231 888 Christianiffi-

216 903 272 922 me.
289 892 410 923 Litteras
425 893 610 924 Excellenriae
619 893 721 923 vestrae
739 893 776 923 28
787 893 926 924 Oestobris
940 894 1057 924 datas&
1074 896 1103 925 in
1114 897 1230 934 gratiam

167 930 206 962 L.
221 931 339 962 Fentzel
355 931 529 962 Mercatoris
546 931 721 962 Gedanensis
742 932 854 969 scriptas
873 934 1036 969 accepimus
1055 934 1087 962 ὃς
1110 935 1232 965 libenter

167 970 308 1009 legimus,
328 970 403 1000 Haec
419 970 473 1008 ipsa
490 971 613 1008 ejusdem
629 971 682 1001 viri
697 970 794 1008 causa,
814 969 929 1000 Litteris
949 971 1033 1000 etiam
1056 971 1231 1002 Sereniffimi

169 1008 258 1048 Regis
272 1008 516 1046 Sereniffimaeque
532 1008 654 1047 Regiuae
669 1008 908 1045 Polonixemobis
922 1008 1071 1047 diligenter
1085 1010 1232 1040 fuitcom-

171 1048 315 1078 mendata.
350 1047 438 1078 Hauc
450 1049 543 1084 itaque
558 1056 636 1083 rem,
654 1046 690 1076 de
706 1046 760 1085 qua
774 1055 832 1084 tot,
851 1049 885 1078 ὃς
901 1048 969 1077 tanti
989 1046 1150 1087 Principes,
1172 1057 1231 1079 tarn

169 1085 295 1116 studiose
317 1085 495 1116 scribendum
518 1084 574 1114 effe
595 1085 735 1115 duxerunt
750 1107 759 1122 ,
796 1084 892 1115 statim
915 1095 971 1116 nos
991 1085 1088 1116 denuo
1105 1086 1232 1126 juffimus

171 1125 309 1163 cognosci
324 1126 357 1154 &
373 1123 535 1154 examinari.
576 1123 621 1153 Ad
638 1133 725 1161 quam
740 1123 855 1161 quidem
880 1134 959 1163 rem,
977 1123 1009 1154 hi
1030 1125 1134 1163 quibus
1147 1126 1161 1155 a
1177 1135 1230 1155 no-

168 1164 214 1193 bis
228 1163 382 1193 commiffa
396 1162 467 1199 fuit,
491 1170 641 1200 magnam,
661 1161 761 1191 nostro
781 1163 934 1201 mandato,
952 1163 1133 1200 diligentiam
1151 1165 1231 1195 &ae-

171 1202 311 1239 quitatem
328 1201 527 1231 adhibuerunt.
566 1199 620 1230 Sed
637 1209 706 1230 cum
719 1210 752 1230 ex
770 1201 823 1231 hac
843 1209 901 1231 tam
923 1201 1069 1241 diligenter
1084 1202 1231 1233 retraetata

170 1241 357 1279 cognitione,
376 1240 444 1268 nihil
459 1239 612 1269 commodi
627 1239 661 1269 L.
678 1239 797 1271 Fenrzel
809 1242 922 1271 evenire
939 1241 1079 1278 potuerit,
1097 1243 1229 1281 quianon

170 1280 240 1309 esset
254 1289 288 1309 ex
303 1278 448 1308 Societare
463 1277 574 1308 l-lanzae
583 1278 777 1317 Teutonicae,
801 1289 866 1317 quae
883 1279 1009 1310 Londini
1032 1281 1115 1310 certis
1130 1279 1232 1310 nostris

168 1318 324 1356 privilegiis
336 1316 439 1356 gaudet
455 1317 487 1347 ἃ
507 1316 682 1354 negotiatur,
702 1317 731 1347 in
751 1319 871 1356 gratiam
893 1326 987 1348 tamen
1011 1318 1110 1349 vestrae
1127 1319 1232 1349 Excel-

170 1357 267 1387 lentiae
282 1357 314 1387 ὅ(
332 1356 506 1393 reliquorum
526 1355 690 1395 Principum
702 1380 710 1393 ‚
730 1356 745 1385 a
761 1357 862 1394 quibus
882 1365 940 1386 tarn
957 1356 1054 1386 sedulo
1071 1357 1124 1387 fuit
1148 1367 1232 1387 corn·-

170 1395 319 1425 mendatus
329 1417 338 1432 ,
353 1393 388 1423 sic
401 1395 482 1424 rebus
499 1393 550 1423 suis
563 1394 771 1424 consulendum
786 1394 842 1425 esse
853 1393 999 1432 juffimus,
1017 1395 1161 1425 utvestras
1170 1395 1233 1426 Lit-

169 1442 241 1464 teras
261 1434 358 1471 magni
379 1433 509 1471 ponderis
532 1433 606 1469 apud
621 1443 672 1462 nos
695 1432 795 1470 fuisse,
821 1434 926 1463 merito
945 1432 1101 1470 praedicare
1120 1433 1233 1464 debeat.

169 1471 251 1503 Cum
270 1474 346 1502 enim
364 1481 399 1501 ex
416 1471 511 1501 multis
527 1472 559 1502 &
578 1471 685 1509 magnis
693 1471 723 1501 T
726 1472 882 1502 estimoniis
892 1472 1082 1507 intelligamus
1101 1471 1231 1502 Vestram

169 1511 380 1542 Excellentiam
406 1509 609 1547 perstudiosam
625 1510 697 1547 effe,
716 1519 777 1540 non
791 1510 944 1540 retinendae
959 1510 1049 1540 solum
1060 1533 1068 1546 ‚
1085 1510 1130 1541 sed
1146 1510 1234 1540 indies

169 1551 255 1580 etiam
271 1549 411 1586 augendae
435 1549 506 1578 illius
523 1548 687 1585 Amicitiae,
707 1558 771 1587 quae
792 1549 863 1578 inter
883 1548 1012 1578 Vestram
1029 1547 1234 1580 Excellentiam

169 1589 203 1619 &
224 1588 336 1627 Angliae
351 1587 444 1626 Reges
458 1587 563 1616 multos
573 1587 633 1624 jam
648 1595 738 1617 annos
754 1586 912 1616 firmissime
933 1586 1102 1624 intercessit,
1125 1597 1177 1617 nos
1190 1589 1234 1618 vi-

169 1627 264 1658 ciffim
283 1636 345 1657 non
370 1625 604 1662 committemus,
627 1633 657 1655 ut
678 1625 731 1655 ulla
743 1625 815 1655 ratio
830 1626 844 1655 a
859 1625 944 1656 nobis
959 1626 1100 1663 praeterita
1121 1625 1178 1657 esst.
1192 1626 1234 1656 vi-

175 1666 293 1702 deatur,
317 1664 374 1702 qua
387 1664 541 1702 quicquam
555 1672 602 1694 aut
618 1664 703 1693 vobis
714 1671 826 1702 gratum
839 1664 953 1702 facere,
972 1672 1020 1694 aut
1035 1664 1132 1695 vestris
1149 1674 1236 1695 com-

172 1703 298 1734 modum
321 1702 428 1733 adferre
441 1724 451 1740 ,
487 1702 546 1733 ullo
572 1702 665 1733 modo
693 1702 850 1740 possumus.
900 1702 944 1733 D.
968 1703 1072 1742 Jacob.
1101 1703 1117 1733 8
1147 1702 1239 1742 Maii,

175 1751 262 1782 1554·

548 1869 623 1914 Regi
645 1869 862 1901 Romanorum.

171 1946 353 2013 MARM,
366 1954 429 1986 δῖε.
450 1951 639 1991 Ferdinando,
655 1954 716 1985 διε.
746 1952 870 1984 Salutem
884 1951 917 1984 δε
938 1952 1106 1991 prosperum
1128 1954 1233 1985 succes-

268 1991 348 2022 suum
365 1991 564 2022 feliciffimum
580 1991 692 2030 semper
706 1993 926 2022 incrementum.
962 1991 1142 2024 Serenissime
1152 1994 1234 2024 Prin·

171 2041 258 2068 ceps,
273 2030 366 2061 Frater
383 2032 416 2062 ὃ(
434 2030 653 2069 Consanguinee
669 2030 850 2061 Chariffime.
870 2030 990 2060 Litteras
1013 2030 1042 2062 S.
1061 2031 1098 2062 V.
1121 2033 1159 2062 28
1173 2032 1237 2062 Oc-

173 2070 266 2101 tobris
282 2069 402 2100 Viennae
417 2068 506 2106 datas,
524 2070 706 2107 accepimus,
731 2070 761 2098 in
781 2070 882 2109 quibus
905 2069 1030 2108 Litteris,
1055 2069 1091 2100 L.
1115 2070 1234 2109 Fentzel

170 2107 322 2139 Mercator
344 2107 517 2138 Gedanenfis
541 2107 593 2138 fuit
615 2108 699 2138 nobis
714 2107 943 2138 commendatus.
978 2107 1073 2146 Hujus
1094 2110 1148 2139 viri
1167 2120 1240 2140 ean—

170 2147 238 2177 dem
252 2145 363 2176 ciiusam
386 2145 583 2176 Illustriffimus
598 2145 682 2184 Rex,
697 2145 938 2183 Illustriffimaque
961 2145 1091 2178 Poloniae
1106 2147 1235 2187 Regina,

170 2186 224 2216 suis
241 2186 326 2215 etiam
344 2185 456 2215 Litteris
471 2185 556 2215 nobis
569 2185 820 2215 commendarunt.
868 2184 946 2222 Quae
966 2186 1044 2215 causa
1065 2187 1159 2216 statim
1182 2197 1238 2217 no-

175 2224 235 2254 stro
254 2224 331 2262 jussu
357 2222 506 2262 diligenter
517 2223 615 2254 denuo
631 2224 789 2254 examinata
799 2224 871 2261 fuit,
899 2222 936 2253 Et
952 2225 1034 2254 rebus
1047 2225 1184 2255 omnibus
1198 2226 1239 2256 sea

173 2263 246 2294 dulo
259 2262 399 2300 discuffis,
418 2263 451 2293 ὃς
468 2263 521 2292 rite
536 2271 569 2292 ac
581 2261 655 2301 juste
671 2262 832 2300 explicatis,
852 2262 968 2292 tandem
985 2264 1066 2299 plane
1080 2263 1238 2302 constabat,

175 2302 282 2333 ‘nullam
298 2301 429 2338 injuriam
447 2301 484 2330 L.
500 2301 615 2332 Fentzel
632 2311 682 2339 per
706 2300 854 2331 Ministros
877 2300 1050 2342 Sereniffimi
1066 2301 1155 2343 Regis
1178 2302 1238 2332 Ed-

179 2339 355 2370 wardiSex'ti
370 2339 469 2370 Fratris
483 2339 572 2369 nostri
586 2338 750 2369 Chariffimi
766 2340 870 2370 illatam
885 2339 940 2370 efle
951 2341 1012 2376 ,sed
1025 2342 1124 2371 omnia
1138 2340 1239 2372 secun-

177 2378 249 2408 dum
266 2378 360 2414 Leges
374 2379 408 2410 &
425 2378 532 2409 Statura
549 2377 645 2417 Regni
663 2377 752 2407 nostri
770 2387 840 2408 cum
863 2387 899 2407 eo
919 2377 981 2408 aeta
1001 2378 1090 2410 fuisse.
1130 2379 1239 2410 Verum

175 2426 293 2456 propter
307 2416 388 2446 illum
404 2417 560 2454 respetftum
573 2426 658 2456 quem
672 2417 823 2447 habuimus
839 2416 872 2446 ad
890 2416 1007 2447 Litteras
1023 2427 1067 2457 tot
1081 2425 1239 2449 tantorum-

175 2465 234 2494 que
250 2455 434 2495 Principum,
452 2457 596 2494 praecipue
619 2464 689 2485 vero
707 2454 816 2487 Vestrae
838 2454 1011 2494 Majestatis3
1030 2458 1067 2486 iic
1090 2457 1168 2494 hujus
1190 2458 1242 2487 viri

176 2494 262 2525 'rebus
283 2502 366 2533 atque
388 2495 551 2524 commodo
575 2493 804 2532 prospiciendum
827 2493 883 2524 effe
901 2493 1050 2533 juffirnus,
1068 2504 1099 2526 ut
1124 2496 1242 2526 Litteras

176 2531 283 2564 vestras
297 2533 457 2570 plurimiim
481 2532 555 2571 apud
581 2543 634 2562 nos
656 2532 789 2571 valuiffe,
808 2532 961 2569 praedicare
980 2533 1090 2564 debeat.
1130 2534 1240 2564 Vestrae

180 2571 259 2602 enim
275 2570 440 2608 Serenitati,
460 2579 530 2602 curn
545 2581 598 2608 qua
612 2572 712 2609 nobis,
731 2579 804 2601 tanta
814 2578 939 2610 naturae,
956 2573 1128 2610 voluntatis,
1146 2572 1245 2603 foede-

181 2619 247 2640 rum
260 2610 293 2640 &
305 2610 412 2639 amoris
426 2610 542 2641 vincula
558 2609 755 2646 intercedunt,
774 2609 910 2647 quicquid
926 2610 994 2640 ratio
1009 2613 1042 2643 &
1056 2612 1171 2649 aequitas
1187 2621 1238 2648 po·

180 2648 342 2685 stulaverit,
360 2648 445 2679 facile
468 2649 502 2680 δε
524 2649 646 2679 libenter
666 2648 871 2678 concedemus.
905 2647 1003 2688 Deus,
1020 2650 1082 2681 &c.
1117 2649 1163 2680 Ex
1185 2649 1246 2680 Re-

177 2688 224 2726 gia
239 2686 338 2717 nostrii
356 2710 366 2726 ,
399 2687 473 2725 apud
488 2687 645 2726 D.Jacob.
662 2686 678 2716 8
693 2686 768 2718 Maii
788 2693 871 2725 1554.

609 2816 685 2860 Regi
705 2815 815 2847 Daciae.

126 2903 129 2911 '
179 2894 1141 2961 MAiuii,&c.Christiano,&e.SereniffimePrin'ceps,Conian
1162 2903 1244 2936 uinee

274 2938 370 2969 Frater
387 2939 421 2969 ὃς
438 2938 543 2968 Amice
562 2937 742 2968 Charissitne.
782 2938 901 2970 Litteras
917 2939 1078 2972 Serenitatis
1093 2941 1137 2973 Ve
1163 2943 1241 2972 raead

183 2989 256 3010 vu.
273 2977 412 3008 Calendas
427 2976 502 3006 Maii
517 2976 593 3007 datas
606 2977 780 3015 accepimus.
817 2976 850 3006 ln
876 2979 977 3015 quibus
1004 2979 1117 3010 Litteris
1141 2980 1243 3012 Vestra

181 3017 322 3048 Serenitas
342 3016 490 3054 diligenter
511 3015 627 3052 quidem
649 3015 682 3045 &
709 3017 881 3052 magnopere
902 3017 986 3046 nobis
1012 3016 1158 3050 Milonem
1177 3019 1241 3050 Co·

184 3056 331 3087 verdalum
349 3053 483 3084 Ecclesiae
497 3052 665 3083 Exoniensis
679 3062 767 3096 nuper
780 3054 962 3087 nominatum
978 3054 1155 3094 Episcopum
1164 3067 1249 3088 com-

187 3094 312 3125 mendat.
352 3092 411 3122 Cui
427 3091 490 3122 sarie
513 3091 762 3122 commendationi
786 3100 894 3123 tantum
917 3103 970 3123 nos
989 3095 1170 3127 tribuendum
1191 3095 1247 3126 effi:

186 3134 320 3164 ducimus
334 3141 387 3170 pro
400 3130 436 3160 ea
446 3129 668 3167 necessitudine,
687 3128 863 3160 officiorum
885 3132 919 3162 δε
943 3132 1098 3163 Foederum
1118 3136 1248 3172 ratione,

187 3182 254 3211 quae
270 3173 342 3202 inter
359 3170 460 3200 Daciae
474 3169 644 3207 Angliaeque
657 3170 689 3199 δε
705 3167 800 3204 Reges
813 3168 845 3199 ὃ(
861 3169 962 3209 Regna
977 3171 1063 3201 multa
1079 3174 1139 3210 jam
1155 3173 1246 3204 secula

187 3209 359 3247 intercessit,
379 3217 412 3239 ut
427 3208 463 3239 V.
479 3207 508 3237 S.
527 3207 674 3246 perspicue
690 3206 866 3237 intelletstura
881 3208 929 3245 sit,
949 3219 1001 3239 nos
1016 3210 1135 3241 libenter
1149 3212 1177 3241 in
1195 3222 1248 3243 ve-

187 3249 274 3280 stram
291 3249 426 3287 gratiam,
454 3245 500 3276 M.
515 3245 681 3276 Coverdalo
695 3254 806 3275 tanturn
822 3246 1016 3283 concessums,
1051 3258 1188 3286 quantum
1206 3250 1250 3279 ul-

190 3288 216 3317 la
231 3288 369 3325 aequitatis
385 3287 456 3316 ratio
480 3286 497 3315 a
521 3285 603 3314 nobis
622 3283 759 3321 postulare
773 3293 864 3322 queat.
899 3285 1083 3317 Tristiffimas
1104 3299 1172 3318 vero
1191 3289 1250 3319 illas

190 3326 393 3362 Calamitates,
411 3324 547 3355 Carceres
563 3323 596 3353 &
612 3323 680 3353 vitae
695 3322 820 3367 pericula
830 3345 839 3360 ,
855 3324 884 3353 in
903 3333 967 3362 quae
980 3325 1096 3356 allatum
1112 3326 1153 3357 est
1168 3327 1201 3357 ad
1211 3327 1248 3357 V.

189 3363 356 3395 S.eundem
372 3362 419 3392 M.
436 3361 633 3393 Coverdalum
647 3364 784 3397 nonina,
804 3361 850 3392 sed
871 3365 1010 3400 temporis
1024 3365 1106 3401 culpi
1123 3366 1251 3397 incidisse

190 3413 250 3433 non
265 3401 458 3437 intelligimus.
493 3399 574 3430 Huic
588 3401 666 3430 enim
683 3401 763 3437 viro,
780 3399 829 3430 sub
843 3400 942 3430 nostro
960 3402 1097 3440 imperio,
1116 3404 1184 3434 nihil
1199 3405 1252 3435 liu-

187 3441 313 3480 jusmodi
331 3439 436 3470 accidit
453 3449 460 3468 z
491 3438 560 3469 Imo
578 3438 611 3469 ea
629 3437 794 3480 Clementia
813 3439 867 3468 usae
885 3439 979 3470 sumus
996 3449 1061 3480 erga
1079 3452 1194 3479 omnes,
1221 3453 1251 3474 ut

143 3483 146 3488 ’
192 3490 295 3510 eorum
313 3479 398 3508 etiarn
417 3477 494 3507 saluti
511 3477 673 3508 consultum
693 3477 750 3507 esse
769 3476 962 3516 voluerimus,
987 3489 1109 3517 quorum
1134 3481 1252 3520 scelere,

191 3519 286 3550 nostra
304 3516 371 3547 salus
388 3516 420 3546 &
440 3515 571 3553 Digniras
589 3517 743 3554 oppugnari
762 3523 861 3553 coepta
878 3516 930 3547 est.
945 3517 1028 3548 Nam
1045 3519 1082 3549 ita
1101 3529 1154 3549 nos
1169 3530 1251 3550 corn-

191 3558 351 3597 paravimus
370 3554 405 3585 ad
421 3554 548 3597 benigne
574 3554 739 3597 faciendum
765 3555 920 3593 omnibus,
946 3564 977 3587 ut
996 3558 1093 3594 paucis
1111 3560 1251 3597 exceptis,

192 3597 242 3634 qui
260 3596 380 3632 repetito
398 3591 517 3628 scelere,
530 3601 560 3635 in
577 3593 722 3623 interitum
742 3593 793 3624 sese
810 3596 969 3632 praecipites
987 3597 1182 3635 conjecerunt,
1190 3598 1252 3627 nul-

191 3635 211 3664 li
227 3634 359 3670 existant,
378 3639 500 3670 quorum
514 3638 599 3660 etiam
612 3631 726 3668 injurias
740 3633 770 3661 in
785 3632 861 3662 suam
886 3634 1052 3671 Principem
1065 3657 1074 3670 ‚
1095 3635 1128 3666 &
1147 3636 1251 3674 impie-

191 3674 254 3705 tatis
273 3674 302 3704 in
318 3673 409 3709 ipiurn
424 3668 540 3705 Deum,
564 3678 624 3712 nori
642 3669 754 3713 lenitate
771 3671 865 3708 potius
888 3673 922 3704 &
948 3672 1091 3704 beneficiis
1116 3675 1249 3713 vincere,

193 3714 281 3751 quam
305 3709 451 3740 severitate
477 3707 510 3739 &
536 3705 678 3750 suppllciis
694 3708 838 3740 Vindicate
864 3711 1055 3742 maluerimus.
1092 3711 1202 3744 Nostra
1220 3725 1250 3744 e-

190 3753 254 3781 nim
274 3758 342 3780 cura
367 3748 396 3777 in
414 3746 488 3776 nulla
511 3755 540 3775 re
558 3754 648 3783 magis
665 3745 804 3789 versatur,
818 3749 904 3787 qu‘am
923 3750 1091 3789 quomodo,
1109 3752 1248 3784 omnibus

193 3791 263 3827 viis,
283 3796 384 3818 omnes
402 3784 555 3821 homines,
577 3784 611 3813 ad
629 3782 774 3814 sanitatem
793 3795 944 3828 revocare,
961 3789 994 3819 &
1013 3790 1042 3818 in
1062 3788 1163 3820 officio
1181 3792 1247 3821 reti-

192 3837 259 3858 nere
276 3826 422 3864 poffimus.
460 3823 613 3866 Qantum
631 3831 724 3865 autem
741 3822 776 3852 ad
786 3823 880 3866 *ipsum
900 3825 947 3856 Μ.
968 3826 1165 3858 Coverdalum
1184 3830 1248 3859 atti-

194 3874 263 3903 net,
279 3863 461 3901 intelligimus
479 3860 552 3892 nihil
570 3870 640 3891 novr
656 3861 689 3892 &
705 3863 844 3900 praecipui·
855 3865 962 3902 negotii
976 3866 1015 3895 illi
1027 3867 1174 3905 exhiberi,
1194 3867 1246 3897 ni'fi

194 3904 272 3941 quod
291 3911 367 3934 certa
388 3901 518 3939 pecuniae
542 3900 650 3929 summa
689 3899 788 3928 nostro
808 3902 910 3931 aerario
930 3903 1043 3942 debita,
1064 3901 1097 3936 ὃς
1114 3905 1245 3936 nondum

193 3942 346 3980 persoluta,
363 3940 400 3969 ab
421 3949 458 3969 eo
478 3939 612 3976 exigatur.
649 3922 800 3976 Regnante
824 3939 911 3969 etiam
931 3939 1122 3973 lllustriffimo
1143 3945 1177 3974 δε
1193 3945 1247 3980 piae

191 3978 418 4014 chariffimaeque
438 3977 521 4006 nobis
544 3977 694 4006 memoriae
708 3976 840 4014 Principe
865 3976 1001 4009 Eduardo
1020 3980 1113 4012 Fratre
1135 3981 1251 4021 nostro,

191 4019 315 4057 ejusdem
328 4016 478 4046 debitionis
493 4014 637 4044 arcessitus
652 4013 714 4045 fuit.
750 4014 788 4044 Et
812 4025 882 4045 cum
910 4015 976 4046 istas
996 4020 1104 4050 aerarias
1128 4021 1251 4051 rationes

197 4066 258 4087 non
274 4055 335 4086 satis
349 4052 532 4090 explicuerit,
550 4053 623 4084 inter
637 4053 744 4085 multos
756 4053 840 4092 alios,
861 4055 910 4093 qui
930 4055 1034 4088 eodem
1049 4064 1180 4090 tenentur
1195 4067 1249 4097 κιο·-

1285 176 1715 224 ANGLIAE.
2303 199 2331 245 ς-

1265 262 1342 292 mine
1359 265 1392 295 &
1407 265 1538 304 afflone,
1551 268 1612 311 pari
1621 267 1685 312 jure
1697 267 1730 299 &
1747 268 1897 309 aequitate,
1916 270 1934 301 ὃ.
1947 268 2050 301 nostris
2062 271 2194 304 tractatur
2208 274 2321 310 Procu-

1262 303 1412 333 ratoribus.
1448 304 1518 343 Q&
1532 315 1619 336 etiam
1630 317 1661 338 in
1675 317 1722 345 re,
1735 316 1849 348 propter
1863 308 1943 339 illurn
1959 309 2117 347 respectum
2131 321 2216 349 quem
2231 317 2318 349 habea

1260 347 1324 368 mus
1337 341 1370 369 ad
1388 341 1495 373 Vestrae
1510 343 1674 375 Serenitatis
1689 346 1825 384 Litteras,
1848 349 2012 378 curabimus
2022 371 2032 386 ,
2048 357 2078 379 ut
2092 349 2227 389 intelligat
2235 376 2244 391 ,
2267 366 2318 387 ve-

1258 376 1643 424 stramlcomtnendationem
1652 393 1791 422 magnum
1810 386 1884 423 apud
1898 397 1952 417 nos
1963 387 2072 424 pondus
2086 388 2220 420 habuille.
2239 392 2315 425 Gra-

1259 422 1286 445 ta
1310 426 1385 447 enim
1400 419 1485 461 nobis
1499 421 1533 451 ὃς
1549 430 1644 457 optata
1659 423 1711 452 erit
1735 432 1832 454 omnis
1847 425 1961 455 occasio
1975 447 1985 463 ,
2023 426 2078 464 qua
2100 428 2295 463 benevolentia

1260 455 1473 500 necessitudines
1486 458 1519 488 δε
1535 459 1656 490 Foedera
1672 461 1745 490 inter
1760 461 1861 492 Daciae
1875 464 1907 494 &
1926 463 2037 502 Angliae
2054 465 2198 504 Principes
2213 456 2318 500 firmis·²

1261 494 1331 536 utne
1344 494 1507 539 conservata
1517 519 1525 533 ,
1538 498 1554 527 a
1570 499 1654 528 nobis
1667 500 1753 529 etiarn
1769 510 1827 530 non
1844 507 1950 532 retenta
1964 503 2128 543 solum,sed
2143 506 2173 536 in
2185 506 2244 538 dies
2257 518 2318 540 ma-

1260 539 1305 567 gis
1319 542 1353 562 ac
1370 542 1458 571 magis
1471 535 1553 565 aucta
1567 536 1624 568 effe
1641 537 1752 574 poffint.
1789 537 1887 577 Deus,
1900 541 1964 571 &c.

1297 571 1345 602 Ad
1360 570 1400 601 D.
1408 574 1556 609 jacobum
1570 584 1610 606 22
1623 575 1698 607 Maii
1715 585 1800 616 1554.

1739 652 1837 686 Vestra
1852 653 2068 696 consanguinea
2082 660 2115 691 &
2128 659 2215 692 Soror

2124 736 2284 770 MARIA-

1656 855 1745 887 Duci
1769 858 1955 891 Venetorum.

1266 931 1342 993 M
1353 932 1482 974 ARrA,
1499 937 1561 969 &c.
1600 935 1789 970 Illustriffimo
1809 939 1843 970 P.
1859 940 1974 972 Marco.

1362 973 1544 1007 lllustrifsime
1555 976 1693 1014 Princeps
1708 977 1814 1008 Amice
1821 978 2000 1012 Chariffime.

1267 1010 1375 1055 Vestrae
1398 1012 1586 1057 Excellentiae
1616 1025 1650 1050 15
1678 1015 1776 1047 Martii
1801 1018 1884 1048 datas.
1931 1019 1975 1050 Ex
1998 1023 2100 1059 quibus
2124 1026 2310 1060 intelleximus

1268 1049 1414 1080 Nobilem
1433 1061 1527 1097 virum
1542 1053 1685 1092 jacobum
1702 1054 1917 1096 superantium,
1945 1058 2099 1091 Oratorem
2119 1065 2191 1100 apud
2211 1076 2263 1096 nos
2279 1055 2329 1099 ve:

1269 1087 1372 1134 strum,
1391 1089 1487 1133 vestro
1499 1093 1592 1129 jussu,
1618 1094 1651 1124 ὃς
1667 1093 1716 1122 suo
1734 1094 1868 1125 desiderio
1890 1098 1920 1126 in
1941 1097 2062 1128 Patriam
2081 1110 2244 1134 revocatum
2261 1107 2327 1138 effe.

1268 1126 1306 1156 Et
1325 1129 1468 1171 cumipse
1495 1131 1621 1168 jacobus
1644 1131 1828 1168 Superantius
1858 1135 1885 1163 in
1910 1138 1992 1165 omni
2021 1140 2154 1178 negotio,
2179 1144 2256 1180 quod
2283 1146 2329 1177 vel

1267 1165 1437 1209 nobiscum,
1457 1170 1500 1198 vel
1522 1169 1622 1198 nostro
1640 1179 1710 1200 cuni
1720 1170 1856 1203 Concilio
1874 1174 2018 1213 habuerit,
2033 1176 2197 1216 singularem
2215 1182 2248 1212 ὃς
2263 1194 2329 1221 pru„

1268 1204 1395 1234 dentiam
1413 1206 1446 1236 &
1463 1207 1640 1251 diligentiam
1665 1209 1775 1246 semper
1794 1210 1947 1243 ostenderit
1960 1235 1970 1251 ,
2002 1215 2082 1244 illum
2102 1220 2181 1248 certe
2208 1223 2242 1251 ad
2264 1226 2327 1253 iuos

1267 1251 1458 1275 revertentem
1485 1246 1527 1276 his
1552 1245 1653 1289 nostris
1671 1248 1800 1286 prosequi
1818 1248 1931 1280 Litteris
1948 1252 2108 1291 voluimus,
2132 1265 2163 1287 ut
2183 1258 2271 1290 effent
2287 1270 2330 1292 te-

1269 1282 1338 1320 stes,
1358 1283 1432 1313 cum
1449 1283 1554 1315 nostrae
1572 1285 1601 1314 in
1621 1283 1700 1315 illurn
1717 1287 1888 1326 voluntatis,
1903 1286 1969 1319 'tum
1990 1290 2122 1323 Muneris
2136 1294 2192 1333 sui,
2218 1298 2251 1328 &
2268 1299 2326 1330 aisti

1267 1322 1378 1364 semper
1398 1332 1470 1366 ‘cum
1496 1323 1541 1353 sua
1566 1322 1669 1361 laude,
1700 1325 1733 1356 ὃς
1755 1326 1815 1363 jarn
1835 1326 1978 1364 perfundti
2002 1338 2036 1359 ex
2055 1331 2145 1363 vestra
2169 1335 2327 1375 vestraeque

1268 1359 1450 1403 Reipublicae
1466 1361 1612 1399 dignitate.
1626 1362 1790 1400 Johannem
1808 1374 1878 1394 vero
1897 1365 2073 1398 Michaelem
2095 1380 2181 1408 quem
2197 1372 2267 1404 huic
2287 1378 2330 1406 vi-

1270 1408 1302 1428 ro
1328 1407 1356 1427 in
1385 1399 1486 1430 eadem
1514 1400 1605 1430 officii
1624 1403 1733 1432 ratione
1750 1401 1911 1441 suffecistis,
1935 1405 1968 1434 ὅ(
1987 1406 2032 1436 tali
2053 1407 2169 1440 Muneri
2189 1412 2328 1445 idoneum

1271 1444 1386 1474 propter
1411 1438 1487 1468 suam
1513 1439 1710 1478 prudentiam,
1739 1442 1772 1473 δε
1799 1442 1883 1472 nobis
1900 1444 1986 1473 etiam
2007 1454 2189 1487 pergratum,
2215 1461 2331 1490 propter

1271 1474 1396 1505 vestram
1420 1478 1733 1520 commendationem,
1773 1480 1892 1511 libenter
1917 1482 1946 1510 in
1971 1482 2076 1520 Jacobi
2102 1485 2260 1526 Superantii
2285 1491 2332 1522 lo-

1271 1522 1340 1557 cum
1369 1522 1531 1551 recipimus.
1575 1515 1672 1555 Iraque
1695 1518 1831 1548 omnibus
1850 1520 1879 1548 in
1899 1520 1998 1559 rebus,
2026 1533 2092 1560 quas
2110 1526 2147 1562 is,
2167 1526 2259 1557 vestro
2277 1538 2331 1559 no-

1273 1561 1362 1589 mine,
1370 1552 1403 1581 ad
1418 1562 1472 1582 nos
1493 1552 1633 1592 proferet,
1650 1557 1686 1585 ὃς
1701 1556 1813 1585 acturus
1831 1557 1891 1594 est,
1909 1559 2025 1589 eandem
2043 1561 2099 1600 illi,
2120 1573 2171 1600 pro
2189 1566 2285 1598 nostra
2301 1569 2331 1598 in

1272 1599 1329 1634 vos·
1339 1590 1562 1635 benevolentia,
1591 1593 1624 1622 &
1644 1593 1729 1622 fidem
1749 1594 1781 1623 ὃ(
1797 1594 1927 1624 favorem
1944 1598 2154 1640 praestabimus,
2185 1614 2270 1647 quem
2290 1606 2334 1637 su-

1273 1630 1428 1668 perioribus
1447 1629 1628 1667 Reipublicae
1652 1631 1752 1662 vestrae
1772 1631 1940 1664 Oratoribus
1966 1634 2091 1673 Majores
2117 1639 2202 1671 nostri
2221 1643 2268 1673 An
2291 1646 2333 1674 liae

1273 1668 1371 1704 Reges
1388 1678 1514 1706 unquam
1533 1669 1662 1713 praestare
1681 1672 1896 1702 consueverunt.
1921 1672 2006 1704 Datae
2027 1676 2057 1705 in
2077 1676 2171 1718 Regia
2188 1681 2285 1713 nostra
2299 1683 2334 1713 ad

1274 1707 1318 1738 D.
1327 1705 1530 1745 Jacobum,28
1547 1707 1623 1739 Maii
1638 1707 1687 1739 M.
1698 1708 1844 1741 D.L1111.

2002 943 2072 976 Ant.
2092 946 2240 980 Trivisano
2247 974 2255 987 ,
2262 952 2324 984 &c.

2014 983 2188 1022 Accepimus
2207 989 2326 1023 Litteras

1857 1786 1955 1819 Vestra
1973 1788 2189 1832 Conffinguinea

2130 1869 2296 1905 MARIA.

1665 1989 1750 2022 Daci
1771 1992 1930 2026 Ferrariae.

1275 2072 1500 2132 ILllustriffime
1516 2073 1663 2113 Princeps.
1695 2073 1880 2106 Excellentiae
1907 2077 2015 2110 Vestrae
2041 2079 2260 2121 Congratulatio
2303 2085 2338 2117 &L

1320 2112 1428 2142 illustris
1446 2113 1474 2142 in
1494 2122 1547 2142 nos
1565 2113 1751 2150 nostrumque
1770 2112 1935 2154 Coniugem
1954 2117 2179 2160 Dominumque
2199 2109 2336 2154 Chaiiffi'-

1277 2160 1358 2181 mum
1377 2151 1593 2188 benevolentia,
1612 2161 1697 2189 quam
1713 2162 1745 2181 ex
1768 2151 1879 2184 Litteris
1898 2155 1996 2186 vestris
2015 2158 2048 2187 &
2069 2161 2204 2195 praeiente
2230 2163 2336 2192 lermo-

1276 2200 1312 2221 ne
1337 2189 1466 2220 Comitis
1491 2189 1604 2220 Camilli
1627 2189 1849 2220 Montecuccoli
1876 2194 1988 2224 abunde
2003 2196 2177 2238 libenterque
2200 2200 2336 2231 intellexi-

1276 2239 1356 2267 mus,
1373 2230 1486 2267 utrique
1504 2227 1636 2258 nostrum
1655 2228 1738 2258 valde
1756 2237 1832 2268 grata
1851 2231 1914 2262 fuit.

1313 2268 1444 2306 Gratias,
1469 2277 1521 2305 pro
1541 2268 1598 2297 hoc
1625 2266 1717 2297 studio
1735 2267 1846 2306 vestre,
1869 2270 1903 2300 ὃς
1929 2281 2006 2303 nunc
2023 2274 2130 2311 agimus
2149 2284 2279 2315 magnas,
2303 2277 2338 2309 δὲ

1274 2305 1382 2336 easdem
1397 2307 1427 2337 in
1446 2306 1591 2345 posterum
1610 2305 1706 2336 sumus
1725 2306 1852 2345 relaturi,
1871 2309 1985 2347 quando
2001 2320 2062 2349 apta
2080 2313 2165 2343 nobis
2184 2315 2216 2345 &
2237 2316 2339 2348 idonea

1275 2346 1473 2392 opportunitas
1489 2345 1522 2375 ad
1542 2345 1570 2374 id
1588 2345 1681 2388 oblata
1699 2343 1794 2376 fuerit.
1832 2345 1919 2378 Hanc
1938 2350 2017 2379 enirn
2031 2352 2340 2392 benevolentiam,lon·=

1274 2393 1310 2422 ga
1323 2384 1383 2421 jam
1401 2384 1434 2415 &
1453 2383 1626 2414 haereditaria
1644 2382 1766 2421 quadam
1794 2383 1862 2416 serie
1875 2409 1884 2424 ,
1909 2386 2012 2418 nostris
2030 2388 2190 2428 Majoribus
2215 2393 2287 2430 saepe
2306 2403 2342 2423 o-

1276 2422 1411 2460 stensam,
1430 2424 1463 2454 &
1479 2423 1563 2452 nobis
1582 2432 1660 2453 nunc
1679 2422 1716 2452 sic
1734 2422 1867 2454 traditam
1885 2433 1969 2463 atque
1996 2428 2208 2467 conservatam,
2234 2431 2339 2462 eodem

1276 2461 1479 2499 amplectimur
1498 2462 1615 2498 animo,
1642 2461 1805 2499 eodemque
1824 2462 1988 2495 fovebimus
2014 2465 2108 2497 studio
2124 2490 2134 2505 ,
2159 2478 2217 2506 quo
2239 2469 2339 2506 Reges

1278 2500 1327 2530 ulli
1345 2500 1495 2537 superiores
1510 2499 1624 2536 Angliae
1649 2499 1868 2531 Ferrarienfium
1887 2502 2056 2543 Principum
2069 2514 2144 2544 grata
2159 2507 2266 2546 semper
2283 2509 2342 2541 stu-

1279 2539 1324 2568 dia
1339 2539 1468 2577 accipere
1482 2540 1516 2569 &
1529 2537 1682 2575 amplexari
1699 2539 1915 2570 consueverunt.

1318 2577 1375 2607 Sed
1392 2579 1427 2607 de
1446 2576 1551 2607 nostrae
1566 2576 1726 2606 Voluntatis
1743 2579 1943 2618 propensione,
1961 2579 2052 2620 deque
2071 2582 2129 2612 aliis
2148 2584 2246 2623 rebus,
2274 2595 2339 2624 quae

1281 2616 1316 2646 ad
1344 2616 1510 2653 praesenteni
1536 2624 1632 2645 rerum
1658 2614 1815 2645 nostrarum
1842 2616 1944 2647 statum
1971 2621 2126 2658 pertinent,
2151 2623 2198 2653 hic
2224 2623 2341 2655 Nobilis

1284 2655 1351 2692 Vir,
1376 2655 1424 2693 qui
1450 2653 1498 2683 has
1516 2653 1620 2691 perfert
1636 2675 1645 2690 ,
1671 2654 1775 2691 quique
1792 2655 1943 2691 prudenter
1965 2657 2136 2697 fideliterque
2152 2662 2209 2692 hoc
2219 2661 2342 2694 Munere

1283 2693 1333 2723 suo
1353 2692 1518 2730 perfunctus
1534 2691 1594 2728 est,
1612 2690 1673 2722 fuse
1691 2692 1723 2722 ὃς
1740 2695 1905 2729 opportune
1924 2697 2060 2733 praesente
2077 2699 2204 2730 sermone
2229 2710 2342 2732 enarra-

1286 2733 1338 2762 bit.
1376 2730 1448 2768 Cui,
1469 2739 1497 2761 ut
1517 2729 1614 2761 Vestra
1631 2729 1804 2761 Excellentia
1819 2730 1906 2764 fidem
1922 2734 2036 2774 habeat,
2047 2747 2188 2776 rogamus.
2226 2738 2271 2770 Ex
2285 2740 2344 2771 Re·-

1283 2770 1330 2810 gifi
1346 2769 1441 2800 nostra
1458 2769 1623 2801 Wintoniae
1636 2779 1675 2808 29
1687 2768 1703 2807 J
1709 2769 1755 2800 ulii
1769 2778 1856 2809 1554.

1890 2847 1991 2881 vestra
2009 2849 2225 2892 Confinguinea

2142 2928 2303 2961 Mania.

1623 3046 1783 3081 cardinali
1808 3048 2000 3095 Augustam.

1351 3132 1575 3164 Everendiffime
1599 3133 1628 3163 in
1658 3132 1776 3163 Christo
1799 3133 1898 3170 Pater,
1924 3135 1958 3165 &
1984 3134 2168 3168 Illustriffime
2201 3138 2345 3182 Princeps.

1370 3172 1488 3203 Litterae
1512 3170 1611 3212 veiirae
1623 3194 1632 3209 ,
1662 3180 1697 3201 12
1715 3171 1821 3201 Mensis
1835 3172 1902 3209 Julii
1920 3172 2055 3213 Dilingiae
2073 3176 2145 3206 datae
2159 3199 2168 3214 ,
2193 3179 2277 3211 nobis
2294 3190 2350 3222 op-¹

1285 3211 1407 3249 portune
1425 3211 1535 3240 traditae
1555 3212 1635 3248 lunt,
1653 3210 1687 3240 In
1707 3212 1808 3247 quibus
1828 3210 1954 3250 LitteriS,
1971 3214 2081 3251 insignis
2098 3215 2160 3244 sine
2169 3216 2283 3250 Amoris
2299 3231 2345 3251 er-

1284 3260 1319 3289 ga
1337 3260 1388 3279 nos
1406 3248 1493 3279 sensus
1509 3250 1542 3280 &
1562 3250 1700 3279 eximium
1720 3249 1832 3279 Pietatis
1851 3249 1951 3280 vestrae
1970 3251 2112 3290 studium,
2139 3255 2235 3285 multis
2251 3259 2348 3290 variis-

1287 3298 1341 3326 que
1360 3288 1455 3319 modis
1473 3288 1583 3317 enituit.
1621 3286 1659 3318 Et
1676 3296 1848 3326 quamquam
1865 3288 2021 3320 multorum
2033 3292 2093 3329 jam
2108 3292 2262 3324 hominum
2288 3298 2347 3328 ser-..z

1287 3338 1390 3363 mone,
1410 3327 1472 3356 haec
1492 3325 1596 3364 vestra,
1615 3326 1648 3356 &
1667 3327 1695 3356 in
1716 3336 1767 3356 nos
1785 3326 1935 3368 voluntas,
1953 3329 1986 3358 &
2005 3330 2034 3359 in
2051 3328 2236 3367 Religionem
2258 3334 2346 3367 since-

1287 3367 1369 3404 ritas,
1387 3366 1447 3395 fuse
1462 3365 1532 3401 ssepe
1552 3365 1635 3394 nobis
1651 3365 1787 3395 declarata
1805 3366 1944 3403 tuerit,ex
1965 3367 2028 3404 ipsis
2042 3376 2137 3398 tamen
2162 3370 2276 3403 Litteris
2296 3385 2346 3405 ve-

1288 3405 1365 3443 stris,
1385 3413 1444 3434 tam
1459 3403 1625 3443 explicatam
1641 3403 1779 3441 utriusque
1803 3403 2031 3435 testificationem
2056 3407 2212 3448 accepisse,
2239 3421 2346 3444 novam

1287 3444 1427 3482 quandam
1445 3444 1621 3479 voluptatem
1636 3442 1719 3472 nobis
1740 3443 1907 3480 apportavit.

1326 3482 1421 3520 Atque
1438 3482 1508 3511 cum
1525 3481 1571 3511 hae
1588 3480 1700 3511 Litterae
1716 3480 1817 3510 vestrae
1832 3490 1881 3516 per
1896 3481 1922 3511 se
1935 3481 2054 3519 quidem
2071 3484 2154 3514 valde
2168 3494 2256 3525 gratae
2269 3491 2340 3520 em-

1285 3522 1388 3559 terint,
1409 3522 1437 3550 in
1454 3520 1554 3558 quibus
1569 3528 1628 3549 tam
1644 3519 1775 3556 praeclara
1789 3518 1894 3555 studia,
1912 3521 1945 3550 &
1959 3528 2014 3550 tam
2032 3523 2174 3561 explorata
2188 3526 2283 3556 officia
2297 3537 2346 3566 ap-

1285 3561 1443 3597 paruerint,
1468 3559 1510 3588 illa
1531 3567 1626 3588 tamen
1649 3557 1811 3587 earumdem
1831 3556 1998 3588 Litterarum
2022 3569 2099 3598 pars,
2125 3563 2154 3592 in
2178 3573 2228 3602 qua
2247 3564 2282 3594 V.
2302 3566 2346 3597 R.-

1287 3598 1329 3628 D.
1342 3598 1492 3637 gratulatur
1512 3597 1593 3627 nobis
1610 3597 1720 3632 nuptias
1739 3594 1856 3638 nostras,
1877 3605 1962 3633 quam
1980 3607 2047 3629 cum
2065 3602 2177 3631 summo
2197 3602 2340 3643 Principe,

1284 3637 1419 3676 Conjuge
1441 3637 1628 3671 Dominoque
1647 3633 1746 3664 nostro
1773 3633 1934 3665 charissimo
1952 3635 2110 3668 felicissime
2123 3641 2183 3678 jam
2205 3645 2344 3673 connexi-

1286 3686 1365 3714 mus,
1393 3673 1564 3715 perjucunda
1585 3673 1670 3702 nobis
1693 3673 1725 3703 δε
1748 3680 1842 3715 optata
1864 3672 1925 3703 fuit.
1971 3673 2006 3704 In
2027 3677 2129 3713 quibus
2154 3679 2343 3712 conficiendis

1285 3713 1528 3754 quemadmodum
1558 3721 1610 3754 nos
1633 3709 1746 3740 summo
1764 3710 1956 3753 benignissimi
1970 3712 2027 3744 Dei
2042 3715 2166 3746 Numini
2181 3717 2339 3756 plurimum

1283 3755 1437 3788 debemus,
1456 3753 1533 3789 cujus
1554 3749 1637 3779 lolius
1654 3749 1783 3785 fingulari
1800 3748 1979 3782 Providentia
2003 3754 2066 3783 inec
2091 3764 2132 3784 res
2156 3755 2246 3786 fauste
2260 3759 2343 3789 insti-

1283 3802 1357 3827 tuta,
1374 3793 1407 3822 ὃς
1423 3790 1540 3820 feliciter
1555 3787 1677 3826 perfecta
1691 3787 1750 3825 est,
1769 3787 1806 3818 sic
1824 3789 1859 3818 ab
1874 3790 1980 3820 eodem
1988 3791 2111 3828 Optimo
2120 3792 2254 3825 Maximo
2269 3797 2337 3827 Deo

1281 3829 1440 3867 conjunctis
1455 3827 1583 3868 precibus
1600 3825 1709 3863 semper
1731 3826 1938 3859 contendemus
1948 3852 1957 3867 ,
1969 3838 1996 3859 ut
2013 3831 2090 3867 cujus
2102 3832 2226 3869 auspicio
2244 3835 2277 3866 ad
2291 3836 2340 3865 has

1281 3869 1391 3906 nuptias
1409 3867 1603 3904 pervenimus,
1622 3864 1693 3894 illius
1709 3865 1790 3894 unius
1805 3865 1894 3897 dueta
1910 3868 2018 3897 easdem
2035 3868 2068 3897 ad
2087 3868 2194 3900 Christi
2218 3872 2337 3909 gloriam

1280 3908 1313 3938 &
1329 3905 1514 3937 Catholicam
1529 3901 1716 3939 Religionem
1732 3903 1864 3934 tuendam
1878 3915 1960 3944 atque
1975 3908 2182 3946 propagandam
2198 3913 2338 3946 perpetue>

1282 3945 1442 3976 referamus.
1481 3942 1554 3980 Quo
1565 3942 1662 3971 animo
1681 3942 1762 3980 igitur
1779 3942 1880 3972 vestras
1901 3945 1934 3973 &
1956 3944 2125 3982 perlegimus
2146 3946 2280 3986 Litteras,
2304 3950 2338 3980 &

1282 3984 1444 4023 accepimus
1457 3980 1672 4019 gratulationes,
1693 3981 1735 4011 his
1750 3980 1862 4011 Litteris
1882 3982 1941 4019 jam
1961 3983 2115 4020 ligniiicare
2136 3984 2285 4024 volumus,
2304 3989 2339 4018 ὃς

1283 4022 1419 4052 omnibus
1432 4020 1513 4058 gratis
1527 4019 1556 4048 in
1575 4018 1717 4056 posterum
1730 4019 1834 4049 officiis
1853 4020 2047 4057 repraest‘ntare
2063 4021 2245 4061 studebimus,
2254 4035 2343 4063 quan.

1282 4060 1321 4091 do
1331 4060 1385 4091 ulla
1392 4056 1549 4090 commoda
1561 4056 1641 4090 V.R.
1650 4056 2033 4097 Dominationigratificandi
2047 4062 2243 4097 opportunitas
2255 4065 2341 4095 nobis

1758 4097 1785 4126 Α
1806 4104 1822 4133 3
2288 4103 2343 4134 sese
