2561 4263
787 144 896 187 ET
978 144 1254 188 ACTA
1334 143 1814 191 PUBLICA;

79 236 160 268 Ann.
171 235 214 270 D.
237 236 298 268 siliis
311 236 380 275 suis,
395 235 429 266 &
445 231 609 263 Do<storem
629 230 803 270 Francifium
825 232 858 262 de
871 231 1014 263 Andrada
1034 235 1147 264 Leitam
1159 242 1175 264 a
1188 228 1294 262 Confi-

99 276 186 316 1642.
233 275 275 306 liis
291 278 377 307 etiam
391 273 459 310 suis,
478 272 507 300 in
521 269 653 308 supremo
667 268 765 300 Palatii
790 269 922 302 Consilio
940 271 1125 310 Senatorem,
1146 271 1271 308 Legatos
1282 290 1292 306 ‚

79 318 133 342 Aa.
152 315 195 344 13.
232 311 451 346 Commiss'arios
465 309 498 339 &
512 309 715 339 Procuratores
735 308 814 347 suos,
838 309 873 339 ad
890 309 1101 341 Sereniffimurn
1124 309 1290 340 Dominum

81 358 143 384 Car,
164 364 187 383 1.
229 351 355 383 Carolum
390 348 446 379 Dei
461 347 562 386 gratia,
584 350 698 384 Magnae
714 350 868 378 Britannice
877 370 887 386 ,
897 351 1020 378 Franciae
1035 350 1068 379 &
1079 348 1219 378 Hiberniae
1228 346 1289 377 Re-

2349 171 2400 207 91

1331 239 1402 274 num
1420 231 1484 271 post
1498 231 1632 264 arrestum
1643 233 1815 279 'predistum
1830 235 1964 280 proxime
1983 235 2196 281 insequentem,
2222 238 2279 270 sine
2301 240 2394 278 impe·
2417 241 2493 273 Anu,
2506 244 2550 276 D.·

1329 268 1462 301 dimento
1478 279 1523 303 aut
1539 271 1668 304 molestia
1690 273 1779 318 dietae
1801 272 1890 319 Curie
1913 274 2006 313 ejusve
2024 275 2162 315 Judicum
2185 277 2218 307 ὃς
2243 278 2392 320 Ministro-
2441 284 2528 319 1642.

1325 315 1390 338 rum
1407 319 1659 352 quorumcunque·
1682 310 1752 342 Etsi
1767 321 1840 342 inter
1855 312 2027 357 diistalssona
2049 315 2083 345 &
2112 313 2227 357 Merces
2248 324 2283 345 ita
2311 325 2391 354 capta
2410 322 2451 345 An
2482 322 2525 349 18.

1326 345 1359 375 &
1372 346 1517 385 arrestata,
1535 348 1627 388 aliqua
1666 359 1720 380 ona
1734 350 1766 380 &
1783 349 1898 382 Merces
1919 352 2064 382 dic‘torum
2089 352 2277 383 Subditorum
2300 353 2389 392 Regis
2412 361 2473 386 Car.
2498 369 2521 389 ι,

249 400 311 427 em,
331 372 396 418 fidei
413 386 609 424 defensorem,
627 386 688 416 &c.
726 385 884 423 [isdemque
908 385 1078 418 Mandatum
1098 386 1217 424 speciale
1239 384 1290 414 de-

252 429 301 459 erit
336 425 370 456 ad
390 424 594 456 declarandum
612 424 722 462 prefato
736 424 917 454 Sereniffimo
933 424 1008 462 Regi
1031 428 1144 462 Magnae
1168 426 1288 453 Britan-

230 470 286 498 niae
310 449 536 494 Restitutionem
562 463 641 493 suam
667 463 699 492 in
726 461 827 501 Regna
849 463 1044 501 Portugalliae‚
1071 463 1269 501 Algarviorum
1279 483 1288 498 ,

230 505 445 540 Ditionumque
460 502 559 531 iisdem
575 500 777 538 Subditarum,
795 502 827 532 ὃς
845 499 879 530 ad
895 501 911 530 ii
936 501 1106 532 nificandam
1122 501 1287 543 propensam

229 542 410 574 voluntatem
424 542 457 571 &
471 540 639 571 desiderium
653 538 733 569 suum
748 541 902 569 contraiien
925 541 934 569 i
950 540 983 570 &
1004 540 1193 570 confirmandi
1215 547 1285 568 anti-

228 591 316 620 quam
331 579 436 610 Pacem
451 581 483 610 ὃ(
509 578 694 615 Amicitiam,
713 587 776 616 quae
789 587 836 615 per
854 579 942 609 inulta
956 578 1065 609 Saecula
1088 579 1158 608 inter
1183 575 1286 606 Prede-

229 619 352 650 cessores
367 618 486 656 Regum
505 616 891 655 praedietorum,eorumquu:
903 617 1036 648 Subditos
1052 614 1229 648 &Vassallos
1240 616 1285 643 in-

229 657 435 693 tercesserunt,
456 655 585 694 praefatus
606 654 797 686 Sereniffimus
820 654 883 685 Rex
906 659 1019 692 Magnae
1037 656 1209 690 Britanniae,
1235 661 1285 697 ac-

231 704 347 735 ceptans
359 697 392 727 &
407 704 515 734 gratam
532 695 655 731 habens,
673 693 782 730 praefati
799 694 972 725 Sereniffimi
997 693 1044 723 Re
1064 694 1085 722 is
1106 689 1292 738 Portuggll1ae1

229 737 407 766 voluntatem
420 735 452 764 ὃς
468 732 654 770 desiderium,
672 732 706 762 ad
722 732 780 762 Dei
797 732 1016 768 Omnipotentis
1070 731 1188 773 loriam,
1209 730 1285 759 bub-

229 774 416 810 ditorumque
445 771 694 803 Sereniffimorum
724 771 843 810 Regum
872 770 1077 808 praetlic‘torurn
1105 768 1254 812 utilitatem
1273 789 1284 804 ,

229 812 543 848 Commerciorumqiie
557 809 805 847 tranquillitatem,
823 810 855 840 ὃς
871 818 924 846 pro
938 806 1134 850 extinguendis
1148 816 1177 850 in
1194 806 1285 843 aliqua

228 859 307 892 parte
321 849 464 880 Bellorum
478 848 693 879 seviffimorum
709 847 867 884 Incendiis,
886 856 940 883 que
961 844 1130 889 aliquamdiu
1150 853 1221 888 inter
1236 854 1284 875 va-

230 892 286 921 rios
299 888 388 918 Orbis
404 887 559 917 Christiani
574 887 718 923 Principes
731 885 954 926 conflagrarunt,
969 893 1127 927 nominavit
1144 883 1284 920 pariter&

231 927 398 965 constituit,
416 936 469 963 pro
489 925 682 956 contrahenda
703 924 778 954 Pace
800 923 833 954 &
858 922 996 953 Amicitia
1015 922 1164 959 praedicta,
1190 920 1287 951 Com-

234 966 392 1002 missarios,
412 965 612 996 Procuratores
626 965 659 994 &
676 962 836 998 Deputatos
850 960 923 998 suos,
967 990 988 1004 s
1170 998 1175 1003 ¹

268 1003 399 1034 Thomam
413 1003 564 1034 Comitem
580 999 753 1032 Arundelliae
769 1000 802 1030 &
816 1002 918 1029 Surriae
932 1007 1060 1036 primum
1083 997 1238 1029 Comitem
1251 997 1285 1028 &

233 1042 389 1075 Comitem
405 1041 604 1072 Marescallum
628 1037 758 1075 Angliae,

271 1081 431 1120 Johannem
446 1079 598 1110 Comitem
611 1075 766 1116 Bristoliae,
1015 1114 1020 1119 ι
1132 1114 1136 1118 1

270 1119 428 1149 Gulielmum
442 1117 658 1147 vicecomitem
673 1114 709 1145 de
720 1117 773 1153 Say
790 1114 823 1145 &
837 1113 932 1152 Seale,
949 1112 1047 1144 Cunae
1064 1112 1286 1152 Pupillorum&

232 1158 502 1195 Emancipationum
526 1153 696 1190 Praesidem,

268 1199 383 1227 Lucium
397 1194 609 1226 Vicecomitem
622 1191 793 1221 Falklandiae
805 1202 911 1231 unum,

270 1235 369 1272 Atque
383 1231 555 1264 Edwardum
567 1229 732 1260 Nicholaum
753 1230 888 1269 Equitem
911 1230 1069 1268 Auratum,
1086 1230 1208 1261 alterum
1223 1229 1288 1260 Pri-

235 1273 387 1304 mariorum
402 1270 622 1302 Secretariorum
637 1269 766 1307 suorum,
785 1279 886 1300 omnes
903 1281 918 1300 a
932 1269 1136 1300 Secretioribus
1158 1268 1289 1300 Consiliis

235 1313 306 1349 suis,
325 1310 386 1348 Qui
402 1309 520 1347 quidem
543 1308 754 1346 Commiffarii,
782 1308 985 1339 Procuratores
1005 1309 1039 1338 &
1064 1307 1200 1344 Deputati
1223 1307 1287 1346 sepe

231 1357 367 1380 coeuntes
377 1371 388 1386 ,
403 1347 546 1386 sepiusque
560 1346 657 1377 habita
670 1347 741 1376 inter
757 1346 783 1376 se
801 1347 1009 1377 consultatione
1022 1346 1289 1388 <sc-deliberatione,

232 1389 262 1419 in
278 1388 332 1417 hos
352 1386 466 1418 tandem
484 1385 628 1417 Articulos
641 1385 720 1415 Pacis
736 1386 770 1416 ὃς
787 1386 931 1416 Amicitiae
945 1384 1147 1416 consenserunt
1170 1386 1203 1415 &
1217 1394 1290 1416 con-

231 1426 395 1457 cordarunt.

272 1474 297 1495 1.
316 1467 466 1505 Imprimis,
487 1461 665 1494 Conclusum
680 1463 714 1494 &
730 1462 950 1493 Concordatum
967 1462 1021 1506 fuit
1033 1462 1065 1492 &
1079 1461 1120 1492 est
1130 1486 1139 1499 ‚
1150 1461 1292 1499 qiiodim-

236 1503 408 1542 perpetuum
422 1504 453 1534 sit
466 1505 559 1540 bona,
579 1511 645 1531 vera
660 1502 692 1532 &
712 1501 793 1532 firma
810 1501 867 1531 Pax
890 1502 923 1532 &
938 1501 1075 1530 Amicitia
1086 1525 1094 1536 ,
1118 1502 1192 1530 inter
1209 1499 1289 1530 Sere-

214 1558 217 1561 ·
235 1541 364 1573 niffimos
380 1542 474 1580 Reges
489 1540 653 1570 Dominum
667 1539 792 1569 Carolum
807 1538 920 1577 Regem
939 1542 1051 1575 Magnae
1065 1541 1242 1575 Britannice,
1256 1539 1289 1569 &

233 1581 402 1612 Dominum
425 1579 585 1618 Jahannem
608 1577 752 1614 Qartum
772 1577 886 1615 Regem
908 1576 1077 1614 Portagallie
1093 1599 1103 1615 ,
1132 1585 1289 1614 eorumque

231 1619 358 1651 Heredes
376 1620 409 1649 δε
431 1615 626 1651 SuccefforeS,
651 1625 809 1654 eorumque
830 1615 948 1653 Regna,
973 1616 1095 1654 Patrias,
1126 1615 1291 1653 Dominia,

1326 386 1441 452 Magnae
1456 389 1612 416 Britanniae
1627 388 1656 417 in
1671 387 1763 427 specie
1778 391 1939 429 extiterint,
1957 390 2055 422 eadem
2069 390 2152 422 dietis
2169 390 2295 421 Subditis
2311 392 2389 423 illico

1331 432 1361 452 re
1388 433 1520 455 ituantur.

1363 469 1389 498 7.
1410 463 1504 506 Quod
1529 462 1694 502 Capitanei,
1719 463 1873 503 Magistri,
1897 466 2042 497 Officiarii
2063 468 2097 498 &
2121 467 2230 498 Nautae
2252 467 2385 500 Navium

1323 497 1496 530 Sereniilimi
1511 501 1599 540 Regis
1613 504 1726 540 Magnae
1742 506 1901 533 Britanniae
1911 528 1919 542 ,
1939 505 2032 542 ejusve
2050 505 2256 543 Subditorum,
2267 508 2382 537 nonin-

1321 538 1472 570 tentabunt
1496 540 1589 578 Lites,
1608 550 1662 571 nec
1677 541 1838 572 molestiam
1850 543 1935 573 ullam
1958 545 2152 578 procurabunt
2174 554 2272 574 contra.
2292 546 2382 576 dieras

1320 574 1439 620 Naves,
1456 586 1502 607 aut
1520 581 1702 616 quoscunque
1717 579 1849 610 Subditos
1862 581 1932 612 dieti
1951 581 2047 619 Regis,
2068 592 2119 618 pro
2136 582 2243 613 salariis
2259 591 2305 614 aut
2323 585 2379 614 Sti-

1319 615 1429 649 pendiis
1444 617 1496 645 suis
1512 617 1583 646 infra
1599 616 1701 655 Regna
1716 619 1748 648 <Sc
1767 619 1902 649 Ditiones
1917 620 2004 658 Regis
2023 620 2195 658 Portgalliae,
2214 621 2264 651 sub
2279 623 2378 653 colore

1319 652 1353 681 &
1384 661 1512 690 preteXtu
1544 654 1563 673 ³*
1593 655 1670 692 quod
1697 656 1884 692 Religionem
1910 658 2075 689 Romamn]
2105 659 2215 695 profesti
2244 660 2348 691 fuerint
2368 685 2377 696 ,
2404 670 2412 681 “
2435 670 2451 683 ν

1306 689 1366 732 ’νςΙ
1398 692 1477 730 quod
1502 692 1625 724 Servitio
1656 694 1826 726 Sereniffimi
1853 697 1944 734 Regis
1975 697 2152 735 Portugalliae
2186 698 2238 729 sese
2264 699 2376 730 addixe-

1326 736 1392 758 rint.

1354 767 1381 809 8.
1400 767 1490 810 Quod
1505 768 1657 813 Consules,
1677 771 1693 799 a
1710 770 1892 802 serenissimo
1906 771 1989 810 Rege
2006 776 2118 811 Magne
2141 777 2299 805 Britannia.»
2321 786 2378 807 no-

1320 807 1466 848 minati&
1483 806 1645 844 constituti,
1665 818 1717 845 pro
1732 810 1846 840 Auxilio
1859 813 1892 842 &
1919 812 2083 842 patrocinio
2107 814 2295 844 Subditorum
2313 816 2377 845 suo-

1317 852 1398 888 rum,
1418 844 1487 875 infra
1503 845 1605 884 Regna
1621 847 1654 875 ὅ(
1672 847 1804 878 Ditiones
1819 849 1989 879 Serenissimi
2013 850 2100 886 Regi<
2123 853 2297 889 Porritgirllrle
2319 856 2379 884 exi-

1317 880 1468 920 stentium,
1493 883 1574 920 plene
1596 885 1639 925 &-
1651 884 1738 916 libere
1756 889 1945 918 excercebunt
1966 888 2140 919 Potestitern
2161 893 2194 922 ὃς
2210 892 2288 922 Auth
2302 902 2311 919 >
2326 902 2379 922 ,ta-

1319 929 1380 964 tem
1406 920 1567 952 Consulum
1593 923 1663 952 intra
1685 923 1785 962 Regna
1809 926 1842 956 ὃς
1866 925 1999 956 Ditiones
2022 929 2186 966 praedietis,
2211 929 2277 960 licet
2298 930 2378 961 Reli-

1321 967 1437 997 gionem
1455 959 1621 990 Romanam
1637 971 1697 991 non
1719 962 1827 993 suerunt
1843 964 1966 1001 professi.

1325 1036 1330 1042 ι
1361 1007 1388 1034 9.
1410 998 1500 1036 (Quod
1522 999 1540 1028 fi
1563 999 1647 1036 aliqui
1668 1000 1781 1031 Subditi
1804 1002 1975 1032 Sereniffimi
1991 1002 2079 1041 Regis
2092 1008 2203 1040 Μήτι-,α’
2221 1010 2380 1037 Britanni:

1322 1036 1396 1065 infra
1414 1037 1570 1081 Regnat&
1580 1037 1713 1068 Ditiones
1727 1039 1903 1070 Sereniiiimi
1920 1042 2007 1080 Regis
2022 1044 2200 1081 Portugallzae
2216 1047 2233 1074 e
2244 1047 2316 1075 vivis
2333 1047 2384 1076 (ie-

1321 1074 1470 1112 cefferint,
1491 1076 1588 1112 Libri,
1610 1076 1762 1115 Rationes,
1783 1077 1899 1108 Merces
1915 1084 1940 1108 δε
1957 1081 2034 1110 Bona
2048 1085 2207 1112 eorundem
2218 1106 2226 1120 ,
2245 1085 2384 1115 aliorum·-

1320 1122 1358 1143 ve
1371 1113 1559 1157 Subditorum
1573 1114 1644 1145 dieti
1668 1115 1756 1154 Regis
1778 1120 1892 1154 Magna>
1916 1121 2088 1158 Britanniae,
2112 1121 2298 1159 imposte-tum
2319 1134 2384 1155 non

1322 1160 1468 1195 capientur
1481 1161 1527 1183 aut
1540 1154 1752 1189 occupabantur
1764 1164 1812 1191 per
1822 1156 1936 1194 judices
1952 1157 2155 1194 Orphanorum
2172 1161 2202 1188 δε
2217 1160 2389 1202 absentium,

1322 1191 1369 1221 vel
1384 1190 1588 1221 Ministrorum
1604 1190 1821 1223 Officialiumve
1837 1195 1964 1234 suorum,
1992 1207 2044 1226 nec
2058 1196 2255 1235 jurisdictioni
2278 1210 2385 1231 eorun-

1323 1229 1391 1259 dem
1411 1229 1518 1272 subdita
1538 1238 1639 1267 erunt,
1665 1230 1710 1260 sed
1732 1232 1830 1261 eadem
1854 1232 1948 1271 Bona,
1975 1234 2091 1265 Merces
2107 1236 2139 1266 ὃ(
2157 1237 2312 1276 Rationes,
2329 1248 2382 1276 pet

1323 1277 1425 1298 eorum
1441 1267 1613 1298 Posseffores
1627 1268 1768 1300 tradentur
1784 1270 1962 1302 Institoribiis
1977 1276 2011 1305 ὃς
2025 1274 2048 1303 F
2050 1274 2197 1305 actoribus
2213 1276 2383 1313 Anglicisiu

1324 1317 1357 1337 ea
1376 1306 1501 1349 Civitate
1523 1309 1767 1339 commorantibus
1789 1310 1805 1339 ὲ
1828 1308 1981 1342 Defuncto
2003 1313 2157 1343 nominatis
2173 1314 2205 1344 ὃς
2221 1313 2360 1352 deputatis
2373 1326 2387 1354 ς

1326 1345 1362 1375 Et
1377 1348 1395 1374 li
1409 1346 1432 1375 is
1446 1345 1554 1375 nullum
1569 1346 1599 1374 in
1611 1347 1670 1376 vita
1681 1346 1726 1377 sua
1741 1348 1948 1388 nominaverit,
1965 1351 2065 1382 eadem
2082 1351 2159 1381 Bona
2174 1351 2320 1383 tradentur
2335 1363 2388 1384 au·-

1325 1384 1452 1414 thoritati
1467 1382 1681 1415 Conservatoris
1694 1385 1865 1425 Anglorum,
1881 1389 1930 1417 uni
1948 1390 1992 1420 vel
2007 1389 2118 1419 duobus
2127 1389 2290 1427 Anglicam's
2301 1390 2387 1422 Mer-

1326 1423 1475 1465 catoribus
1491 1423 1594 1460 (modo
1610 1424 1731 1455 coelibes
1745 1424 1806 1461 lint)
1829 1425 1951 1463 praestita
1973 1428 2049 1467 prius
2067 1429 2219 1465 cautione,
2237 1438 2306 1460 cum
2322 1430 2391 1460 ido-

1326 1470 1387 1490 neis
1400 1459 1636 1504 Fideluisori'bus,
1654 1471 1703 1500 per
1717 1464 1888 1500 praedictum
1913 1464 2155 1497 Conservatorem
2179 1468 2389 1507 approbandis,

1326 1508 1382 1535 pro
1407 1499 1581 1541 restituendis
1603 1498 1689 1543 Bonis
1711 1503 1744 1531 ὅ(
1767 1501 1918 1533 Mercibus
1943 1505 2102 1542 praedietis,
2132 1506 2203 1534 veris
2227 1507 2389 1539 eorundem

1326 1536 1480 1574 Dominis,
1500 1537 1544 1567 vel
1565 1537 1697 1575 legitimis
1717 1539 1874 1570 eorundem
1898 1541 2095 1573 Dominorum
2120 1542 2335 1582 Creditoribus,
2351 1546 2388 1578 &

1326 1574 1406 1605 Bona
1416 1585 1473 1619 que
1489 1574 1668 1619 constiterint
1681 1576 1738 1620 esse
1759 1577 1918 1621 Defuncti,
1941 1582 2084 1612 tradentur
2109 1580 2290 1624 Heredibus,
2312 1583 2391 1616 Exe-

1328 1616 1475 1645 cutoribus
1489 1615 1532 1644 vel
1548 1613 1748 1646 Creditoribus
1764 1616 1901 1654 ejusdem.

102 1661 197 1690 cxx.
229 1657 353 1694 Terras,
383 1655 526 1693 Populos,
553 1654 572 1673 ³¹*
592 1653 757 1691 Homines,
790 1654 911 1693 Ligeris,
936 1653 1071 1684 Vaffallos
1095 1654 1128 1685 &
1153 1653 1291 1684 Subditos
1370 1661 1416 1683 10.
1433 1653 1522 1696 Qiod
1541 1652 1738 1684 Sereniffimus
1752 1654 1817 1686 Rex
1835 1655 2110 1695 Portugalliae,infra
2123 1657 2226 1697 Regna
2241 1659 2275 1691 &
2290 1658 2395 1691 Ditio⁴

83 1710 149 1740 524,
229 1696 414 1741 quoscunque
426 1694 576 1737 praesentes
590 1693 624 1723 ὃς
639 1693 766 1730 futuros,
783 1692 976 1733 cujuscunque
991 1691 1189 1732 Conditionis,
1214 1692 1290 1761 Dilg-
1329 1701 1378 1722 nes
1400 1691 1457 1735 suas
1479 1691 1572 1738 ejusve
1595 1691 1822 1761 Ministriknon
1838 1694 2015 1742 attestabunt
2027 1705 2074 1728 aut
2091 1696 2266 1743 ¹detinebunt
2292 1698 2395 1742 Naves

229 1742 324 1766 nitatis
336 1735 370 1765 &
386 1732 500 1764 Gradus
515 1729 648 1769 existant,
667 1740 724 1762 tam
739 1741 785 1768 per
800 1732 925 1762 Terram
940 1741 1026 1769 quam
1039 1740 1088 1769 per
1102 1731 1184 1763 Mare
1198 1732 1232 1762 &
1278 1749 1289 1754 -
1330 1730 1521 1760 Subditorum
1536 1731 1708 1761 berenissimi
1757 1740 1816 1771 egis
1830 1736 1946 1770 Magnae
1961 1736 2119 1765 Britanmae
2135 1735 2226 1773 ejusve
2239 1735 2395 1781 Subditos,

231 1783 299 1813 quas
312 1773 429 1810 dulces,
443 1773 481 1802 ita
501 1780 531 1801 ut
546 1768 677 1808 praedicti
692 1769 801 1800 Vaffalli
818 1772 851 1802 ὅ(
865 1770 977 1801 Subditi
992 1770 1042 1800 fibi
1056 1771 1181 1801 invicem
1196 1770 1291 1800 favere

231 1815 268 1846 &
283 1813 387 1842 mutuis
400 1810 470 1850 pros
500 1810 528 1839 ui
544 1808 676 1845 Officiis,
695 1819 729 1839 ac
742 1808 859 1839 honesta
874 1808 1026 1840 affectione
1042 1809 1167 1839 invicem
1191 1808 1216 1838 se
1238 1817 1294 1839 tra-

232 1852 308 1884 ἀει-ε
321 1819 514 1886 ὴαὸεαηῑςεὲῑ
528 1846 607 1884 quod
622 1847 714 1877 nullus
727 1846 873 1878 dic'torum
893 1847 1140 1878 Sereniffimorum
1160 1847 1292 1886 Regum,

232 1891 404 1927 suorumque
416 1885 567 1917 Heredum
581 1886 614 1916 &
629 1885 850 1924 Succefforum,
869 1896 920 1924 per
932 1887 959 1918 se
973 1887 1019 1916 vel
1032 1895 1081 1925 per
1095 1887 1182 1916 aliurn
1192 1908 1201 1923 ,
1219 1896 1293 1916 con-

231 1937 274 1960 tra
289 1927 454 1958 alterutrum
469 1926 503 1956 &
515 1924 563 1955 sua
576 1923 696 1964 Regna,
714 1924 866 1963 quidquam
883 1934 947 1964 aget
961 1925 1007 1956 vel
1022 1927 1168 1955 attentabit
1193 1925 1249 1955 sive
1264 1926 1294 1956 in

233 1966 327 1997 Terta
339 1965 396 1996 five
409 1966 438 1995 in
455 1963 548 2001 Mari,
568 1971 622 1992 nec
635 1964 719 1994 alicui
733 1962 812 1994 Bello
822 1962 972 2002 ‚Coniiiio
986 1964 1033 1995 vel
1050 1963 1198 1995 Tractatui
1210 1965 1240 1994 in
1255 1963 1296 1994 al-

232 2006 318 2037 terius
331 2002 519 2042 prejudicium
535 2001 694 2032 consentiet
707 2002 751 2033 vel
764 2001 917 2032 adherebit.

272 2053 301 2074 2.
322 2041 416 2081 Qiod
436 2042 509 2072 inter
532 2039 729 2071 Sereniffimos
751 2039 845 2079 Reges
858 2040 1010 2078 praedie‘tos
1027 2041 1060 2072 δε
1082 2040 1230 2080 cujussibet
1245 2051 1295 2072 eo-

235 2092 302 2114 rum
315 2080 473 2118 Vassallos,
499 2078 662 2110 incolas&
677 2078 825 2118 Subditos,
851 2088 908 2110 tarn
927 2089 975 2117 per
997 2079 1122 2110 Terram
1158 2089 1223 2110 uam
1246 2090 1295 2118 per

237 2120 324 2152 Mare
338 2121 374 2151 &
388 2118 486 2156 Aquas
500 2117 614 2155 dulces,
632 2118 662 2147 in
677 2118 811 2148 omnibus
827 2118 859 2148 &
873 2119 985 2156 lingulis
1005 2117 1131 2158 Regnis,
1181 2120 1298 2149 ominiis

238 2160 273 2190 &
288 2157 402 2194 Infulis,
420 2156 532 2195 aliisque
544 2155 659 2195 Terris,
677 2154 868 2194 Civitatibus,
886 2157 1134 2195 oppidis,viiiis‚
1153 2157 1296 2188 Portubus

236 2207 271 2229 ac
284 2196 470 2228 Distritjtibus
490 2195 638 2225 dierorum
662 2194 833 2234 Regnorum
848 2197 881 2227 &
903 2195 1130 2234 Dominiorutn,
1148 2195 1181 2227 sit
1194 2197 1228 2227 &
1241 2196 1297 2228 esse

237 2236 338 2267 debeat
351 2234 577 2265 Commercium
591 2233 730 2271 liberum,
747 2235 777 2264 in
792 2235 894 2272 quibus
906 2244 1033 2274 ternpore
1056 2234 1176 2274 Regum
1195 2235 1298 2274 Castel-

228 2273 292 2312 -lae,
307 2273 353 2305 vel
374 2274 435 2304 huc
455 2272 537 2312 usque
554 2271 607 2302 fuit
627 2270 849 2303 Commercium
863 2295 872 2310 ,
893 2274 930 2303 ita
950 2282 980 2304 ut
996 2274 1098 2311 absque
1111 2275 1206 2312 aliquo
1220 2274 1298 2305 salvo

240 2312 401 2344 Condustu
416 2312 588 2348 aliarumque
604 2310 736 2341 Licentia
752 2312 873 2350 generali
889 2312 933 2342 vel
943 2312 1067 2350 speciali,
1088 2321 1146 2343 tam
1164 2322 1214 2351 per
1221 2313 1300 2343 Ter-

241 2361 304 2383 ram
319 2361 406 2391 quam
421 2359 470 2388 per
490 2348 571 2380 Mare
583 2350 618 2381 &
633 2350 726 2388 Aquas
741 2350 850 2386 dulces,
869 2350 981 2381 Subditi
995 2351 1028 2382 &
1045 2351 1157 2382 Vassalli
1171 2353 1252 2382 unius
1265 2352 1298 2382 &

238 2391 349 2422 alterius
363 2389 451 2428 Regis
473 2387 578 2426 poffint
601 2389 635 2419 &
649 2388 775 2426 valeant,
793 2388 827 2419 ad
844 2388 944 2428 Regna
957 2391 990 2422 &
1011 2390 1148 2422 Dominia
1164 2390 1301 2428 praedista

238 2438 398 2466 eorumque
412 2427 549 2458 omniurn
563 2425 718 2464 Civitates,
737 2427 870 2466 Oppida,
888 2429 1007 2467 Portus,
1029 2428 1158 2467 Littora,
1174 2429 1300 2461 Sinus&

240 2467 396 2499 Districtus
412 2466 563 2503 accedere,
575 2465 694 2504 intrare,
712 2467 775 2496 navi
796 2476 857 2504 are,
876 2468 910 2498 &
923 2468 1106 2506 quoscunque
1120 2468 1222 2500 Portus
1236 2468 1302 2499 sub-

237 2507 296 2544 ire,
320 2506 354 2537 &
374 2515 444 2536 curn
461 2504 610 2542 Plaustris,
634 2503 719 2544 Equis
736 2527 745 2542 ,
798 2505 945 2545 arcinulis,
972 2506 1106 2545 Navigiis
1120 2514 1179 2538 tarn
1195 2507 1302 2539 onustis

238 2554 329 2585 quam
347 2543 512 2580 onerandis,
535 2541 652 2573 Merces
673 2544 843 2581 importare,
870 2554 985 2583 emere,
1009 2545 1132 2576 vendere
1149 2547 1178 2576 in
1201 2546 1301 2577 iisdem

264 2592 382 2614 uantum
401 2582 547 2613 voluerint
569 2580 797 2619 Commeatum,
823 2582 939 2621 Resque
962 2583 996 2613 ad
1012 2583 1133 2614 Victum
1152 2586 1186 2616 &
1203 2585 1302 2616 Profe-

275 2623 371 2654 ionem
387 2621 554 2652 neceffarios
563 2619 640 2658 justo
654 2621 750 2659 precio
766 2620 817 2650 fibi
834 2621 989 2659 assumere,
1005 2622 1189 2653 restaurandis
1203 2622 1299 2655 Navi-

239 2662 292 2701 giis
305 2662 339 2693 ὅτ
353 2659 503 2691 Vehiculis
522 2659 640 2698 propriis
655 2659 701 2690 vel
725 2659 876 2689 conductis
897 2669 943 2691 aut
965 2661 1160 2692 commodatis
1182 2671 1301 2700 operam

235 2700 306 2730 dare
324 2699 403 2729 illinc
421 2707 491 2729 cum
512 2696 677 2735 Mercibus,
704 2696 790 2727 Bonis
808 2698 841 2727 &
862 2697 963 2728 Rebus
979 2699 1192 2739 quibuscunque
1211 2724 1220 2738 ,
1257 2700 1302 2731 so—

238 2738 304 2769 lutis
326 2738 404 2776 juxta
427 2737 565 2767 locorum
588 2735 696 2766 Statuta
723 2735 854 2766 Teloniis
880 2737 913 2767 &
940 2736 1132 2776 Vectigalibus
1158 2738 1302 2776 praesenti-

239 2777 293 2807 bus
312 2798 322 2816 ,
358 2783 471 2807 tantum
503 2774 603 2805 eadem
628 2775 760 2805 libertate
791 2773 923 2806 recedere
939 2798 948 2813 ,
982 2777 1106 2815 indeque
1133 2778 1167 2808 ad
1197 2777 1303 2809 Patrias

236 2816 366 2854 proprias
383 2814 428 2847 vel
447 2813 549 2845 alienas
563 2812 830 2853 quomodocunque
852 2813 942 2846 velint
961 2815 995 2847 &
1013 2815 1071 2847 sine
1091 2815 1301 2855 impedimento

239 2863 325 2886 exire.

284 2902 311 2932 3.
327 2892 367 2924 Et
387 2893 464 2932 quod
486 2893 601 2925 Subditi
620 2893 701 2925 unius
723 2894 754 2924 in
769 2893 931 2925 Territorio
944 2893 1054 2928 alterius
1073 2905 1133 2927 non
1147 2895 1227 2936 pejus
1245 2904 1301 2928 tra-

241 2930 356 2962 &entur
373 2942 458 2969 quam
470 2933 580 2971 ipsimet
594 2932 744 2970 naturales,
759 2933 790 2962 in
805 2933 983 2965 Venditione
1006 2935 1039 2966 &
1061 2932 1299 2966 ContraCtatione

242 2970 355 3001 suarum
369 2969 517 3001 Mercium
527 2993 537 3008 ,
553 2979 612 3001 tam
628 2973 738 3005 ratione
754 2972 841 3009 precii
853 2981 938 3010 quam
955 2972 1103 3012 aliter,sed
1119 2983 1166 3012 par
1177 2975 1210 3006 δε
1220 2983 1299 3012 aequa

243 3009 276 3040 fit
297 3009 326 3038 in
347 3008 496 3047 prediCtis,
516 3018 576 3040 tam
598 3008 764 3039 Forenfium
781 3019 868 3049 quam
890 3009 1076 3042 Naturalium
1093 3012 1241 3050 conditio,
1258 3013 1300 3042 se-

239 3047 370 3079 cundum
388 3046 613 3077 observationem
638 3048 819 3086 antiquorum
840 3047 997 3086 Foederum
1016 3050 1087 3080 inter
1103 3050 1298 3082 Sereniffimos

237 3085 337 3125 Reges
354 3087 467 3122 Magnae
483 3087 640 3115 Britanniae
653 3086 686 3115 ὅτ
701 3084 824 3153 Οαέεἰίιε
836 3087 1063 3118 ςοηῑηιξὶοωῐη.

271 3134 302 3163 4.
320 3124 412 3162 Quod
427 3123 537 3154 Subditi
552 3123 722 3154 Sereniffimi
767 3134 782 3154 e
804 3125 825 3154 is
840 3124 960 3162 ³Magnae
975 3128 1150 3164 Britanniae,
1171 3127 1296 3166 qualibet

236 3162 389 3194 Mercium
409 3163 443 3192 ὃ(
462 3161 634 3193 Mercaturae
649 3161 723 3193 sorte
736 3162 765 3191 in
811 3163 906 3201 egnis,
932 3163 1111 3202 Provinciis,
1129 3165 1297 3196 Territoriis

231 3211 270 3234 ac
289 3201 387 3232 Infulis
401 3200 575 3231 Serenissirni
594 3200 683 3240 Regis
705 3199 877 3240 Lufitaniae,
903 3201 940 3231 ita
954 3202 1043 3233 libere
1058 3204 1092 3233 &
1113 3204 1217 3234 eodem
1232 3214 1295 3234 mo-

231 3241 289 3278 do,
310 3240 506 3270 Mercaturain
523 3240 695 3269 exercebunt
709 3239 738 3268 in
753 3239 824 3270 locis
840 3239 1000 3277 praedietis,
1019 3241 1100 3272 ficuti
1123 3241 1250 3273 Subditis
1266 3253 1296 3273 a-

230 3280 335 3311 liorum
352 3277 521 3317 Principum
536 3278 569 3309 &
585 3277 717 3308 Statuum
733 3287 802 3309 curn
820 3277 900 3317 Rege
921 3278 1074 3317 Lufitaniae
1089 3280 1293 3312 foederatorum

219 3316 468 3400 ,ffgpiffjumgffi
487 3326 541 3348 nec
556 3318 643 3355 magis
658 3318 853 3347 onerabuntur
874 3315 1016 3354 Gabellis,
1042 3317 1295 3359 Impositionibus‚

257 3365 275 3385 ii
289 3365 324 3386 ve
361 3364 401 3384 uri
423 3364 454 3384 us

340 3394 355 3398 .,
449 3365 553 3423 bquarn
572 3356 621 3394 ipsi
638 3354 763 3394 Incolae,
790 3357 823 3387 &
838 3354 952 3386 Subditi
971 3355 1128 3388 Terrarum
1146 3359 1293 3396 praedic‘ta-

230 3403 295 3426 rum
311 3391 395 3424 aliive
409 3392 448 3422 Su
489 3396 521 3424 iti
540 3393 705 3424 Nationum
713 3403 945 3438 quarumcunque
958 3404 1028 3425 cum
1044 3397 1186 3435 Lusitanis
1200 3397 1293 3428 foede-

221 3441 359 3465 <ratorum
368 3454 376 3468 ,
395 3431 428 3461 &
441 3432 604 3470 gaudebunt
618 3431 716 3463 iisdem
736 3432 887 3477 Privilegiis
903 3443 957 3471 que
965 3432 1068 3472 Anglis
1081 3434 1215 3466 conceffi
1229 3437 1292 3468 fue—

231 3479 299 3504 runt
310 3493 321 3509 ,
339 3469 498 3508 priusquam
514 3470 663 3511 Lusitania
681 3470 805 3509 Castellae
827 3480 907 3503 unita
926 3472 990 3502 fuit.

269 3519 298 3550 5.
316 3509 408 3548 Qod
425 3508 644 3547 quotiescunque
658 3509 771 3540 Subditi
787 3509 875 3546 Regis
891 3513 1005 3548 Magne
1022 3514 1196 3550 Britannice,
1222 3523 1290 3544 cum

233 3548 372 3581 Navibus
386 3547 437 3577 suis
451 3547 485 3576 ad
501 3545 600 3577 Portus
613 3547 785 3578 Sereniffimi
803 3548 891 3587 Regis
909 3550 1104 3588 Portugalliae,
1128 3550 1237 3589 Regnis
1255 3554 1290 3584 &

233 3587 402 3619 Ditionibus
413 3585 463 3615 suis
476 3585 649 3622 appulerint,
666 3585 734 3617 di<sti
748 3587 863 3618 Subditi
884 3598 943 3618 non
968 3597 1107 3627 cogentur
1128 3599 1176 3627 per
1198 3589 1291 3621 Mini-

231 3625 304 3657 stros
322 3648 332 3664 ,
368 3623 532 3655 Officiarios
559 3624 591 3654 &
619 3623 752 3655 Subditos
777 3625 865 3665 Regis
890 3627 1065 3664 Portugalliae
1090 3628 1239 3665 imponere
1255 3631 1289 3661 &

231 3673 352 3696 onerare
373 3665 404 3694 in
429 3662 529 3693 Naves
555 3662 612 3692 suas
630 3684 639 3698 ,
679 3663 742 3706 alias
760 3664 864 3701 species
881 3674 930 3696 aut
953 3667 1120 3706 quantitates
1141 3666 1289 3698 Bonorum

233 3704 268 3736 &
292 3702 442 3734 Mercium
460 3724 470 3739 ,
509 3710 594 3740 quam
619 3700 744 3731 Subditis
767 3702 837 3732 dieti
865 3703 956 3740 Regis
989 3708 1102 3743 Magna>
1132 3707 1289 3736 Britanniae

233 3742 390 3780 placuerint
407 3741 439 3770 &
457 3739 549 3782 visum
571 3738 653 3782 fuerit
672 3762 682 3777 ,
717 3739 758 3784 Et.
773 3741 850 3778 quod
868 3741 981 3773 Subditi
1000 3744 1090 3780 Regis
1115 3744 1289 3783 Portugalliae

233 3781 266 3810 in
283 3781 426 3811 Portubus
443 3779 477 3809 &
496 3778 666 3809 Ditionibus
683 3777 772 3817 Regis
789 3781 903 3816 Magnae
921 3783 1083 3813 Brrtanniae
1098 3783 1201 3813 eodem
1221 3784 1236 3822 J
1242 3795 1290 3815 ure

234 3824 359 3849 utentur.

270 3857 296 3885 6.
316 3856 408 3895 Quod
424 3856 442 3887 fi
459 3856 610 3895 contigerit
632 3855 767 3885 Subditos
787 3854 958 3886 Sereniffimi
982 3857 1073 3895 Regis
1097 3861 1292 3900 Pormgalliae,

233 3893 338 3923 aliosve
351 3894 424 3924 infra
436 3894 538 3932 Regna
554 3897 586 3925 &
602 3894 735 3924 Ditiones
751 3893 840 3933 Regis
856 3894 992 3932 predisti,
1009 3906 1163 3936 eorumque
1177 3900 1292 3930 Merces

235 3932 271 3962 &
284 3930 363 3960 Bona
377 3942 392 3960 a
408 3931 497 3969 Curia
512 3932 701 3970 Inquifitionis
736 3931 867 3970 Officio,
894 3933 1055 3970 ejusdemve
1071 3934 1222 3972 Judicibus
1245 3947 1292 3968 aut

237 3967 392 4004 Ministri3‚
409 3971 490 4007 capi,
503 3970 562 4013 ,fist-t
577 3981 623 4001 aut
638 3956 780 4008 arrestari,
797 3971 846 4010 qui
863 3969 990 4001 Subditis
1003 3971 1178 4005 Sereniffimi
1202 3976 1294 4012 Regis

235 4012 349 4043 Magnae
364 4008 521 4036 Britanmae
536 4010 638 4039 ruerint
657 4011 690 4040 &
705 4018 788 4039 erunt
804 4010 914 4039 oberati
929 4010 962 4041 &
976 4010 1141 4050 indebitati,
1169 4014 1293 4051 predicta

237 4043 709 4114 Debfithanixlssxongssflziercibus
721 4047 853 4086 predistis
869 4049 976 4087 integre
990 4048 1150 4090 solventur,
1159 4051 1229 4083 infra
1244 4061 1293 4082 an-

1332 1769 1388 1800 line
1401 1769 1460 1808 ejus
1476 1769 1581 1800 notitia
1595 1770 1628 1800 ὃ(
1643 1770 1778 1801 consensu
1788 1794 1797 1809 ,
1813 1781 1865 1808 pro
1880 1772 1970 1802 usibus
1986 1771 2072 1811 Belli,
2095 1774 2188 1805 aliisve
2211 1774 2304 1806 usibus
2326 1785 2394 1815 qui-

1333 1807 1515 1847 buscunque,
1532 1807 1679 1850 sed-quod
1702 1808 1778 1840 dicte
1804 1809 1905 1840 Naves
1929 1811 1962 1841 &
1986 1812 2101 1852 Subditi
2114 1812 2219 1851 poffint
2231 1813 2320 1845 libere
2334 1814 2394 1845 sine

1330 1847 1540 1884 impedimento
1561 1847 1631 1877 dicti
1650 1845 1739 1885 Regis
1762 1848 1939 1886 Portugallt'ae
1953 1849 2112 1886 ejusdemve
2134 1850 2357 1890 Ministrorum,
2374 1854 2395 1884 ὲ

1331 1885 1473 1917 Portubus
1486 1885 1519 1915 ὃ(
1534 1884 1686 1916 Dominiis
1699 1885 1823 1924 ejusdem
1832 1886 1920 1926 Regis
1935 1888 1967 1917 ad
1983 1889 2130 1919 arbitrium
2145 1889 2223 1920 suum
2238 1889 2396 1930 decedere3

1332 1924 1371 1955 Et
1386 1924 1464 1963 quod
1481 1923 1558 1954 Bona
1570 1924 1603 1954 &
1622 1923 1739 1955 Merces
1752 1924 1938 1956 Subditorum
1953 1926 2022 1956 dieti
2038 1926 2129 1967 Regis
2142 1931 2255 1966 Magnae
2270 1932 2394 1960 Britan-

1334 1967 1407 2001 niae,
1424 1973 1485 1994 non
1499 1964 1644 2000 capientur
1659 1963 1689 1993 in
1705 1963 1786 1994 usum
1804 1963 1892 2003 Regis
1906 1964 2098 2004 Portugalliae,
2119 1967 2169 1996 nili
2190 1976 2244 2004 pro
2263 1967 2342 2006 justo
2355 1969 2391 1999 δε

1332 2003 1485 2033 communi
1498 2003 1587 2039 pretio
1603 2002 1673 2032 inter
1688 2001 1759 2032 duos
1775 2001 1890 2035 Menses
1906 2004 2110 2041 persolvendo,
2123 2005 2175 2035 nisi
2191 2005 2265 2037 aliud
2276 2014 2391 2045 tempus

1331 2040 1487 2071 Solutionis
1501 2042 1573 2071 inter
1591 2041 1792 2071 contrahentes
1807 2050 1988 2073 conventum
2001 2043 2092 2074 fuerit.

1375 2089 1420 2109 11.
1438 2078 1530 2118 Quod
1545 2079 1658 2110 Subditi
1672 2079 1846 2110 serenissimi
1864 2081 1955 2117 Regis
1970 2084 2087 2119 Magnae
2102 2085 2260 2113 Britanniae
2279 2085 2309 2114 in
2326 2083 2394 2115 Na-

1332 2118 1414 2149 vibus
1430 2117 1496 2156 suis,
1512 2127 1613 2148 omnes
1626 2117 1702 2156 Res,
1718 2117 1796 2149 Bona
1812 2119 1846 2149 &
1861 2118 1976 2150 Merces
1996 2121 2186 2158 cujuscunque
2206 2123 2316 2161 generis
2330 2123 2392 2154 fue-

1332 2157 1408 2195 rint,
1429 2157 1517 2187 etiam
1532 2156 1638 2195 Arma,
1660 2156 1818 2187 Annonam
1838 2158 1927 2189 aliave
1946 2158 2060 2198 similia,
2080 2162 2097 2189 e
2112 2160 2255 2192 Portubus
2274 2162 2307 2192 &
2323 2160 2394 2191 Do-

1334 2196 1430 2226 miniis
1445 2194 1657 2233 quibuscunque
1680 2194 1857 2238 (dummodo
1873 2197 2039 2228 immediate
2051 2208 2113 2229 non
2129 2199 2182 2230 sint
2204 2207 2359 2236 exportatae
2373 2201 2393 2230 ὲ

1333 2233 1477 2265 Portubus
1493 2233 1671 2272 Portugalliae
1685 2234 1779 2272 ejusve
1794 2235 1962 2272 Ditionum)
1983 2237 2018 2266 ad
2035 2237 2217 2275 quoscunque
2239 2237 2343 2269 Portus
2357 2239 2395 2270 &

1335 2272 1497 2304 Territoria
1512 2272 1685 2305 Serenisfimi
1699 2272 1792 2310 Regis
1806 2273 1928 2313 Castellae
1943 2274 2143 2305 transvehenda
2159 2277 2249 2306 iibere
2264 2285 2394 2314 exporta-

1336 2312 1431 2350 bunt,
1454 2311 1492 2342 Et
1506 2312 1585 2351 quod
1602 2311 1799 2342 Sereniffimus
1814 2311 1878 2342 Rex
1894 2313 2089 2351 Portugalliae,
2109 2314 2203 2352 ejusve
2215 2315 2339 2352 Subditi,
2347 2315 2395 2345 di-

1336 2350 1394 2381 &as
1407 2350 1521 2388 Naves,
1539 2351 1615 2381 Bona
1628 2358 1675 2381 aut
1691 2349 1826 2380 Personas
1843 2350 2032 2382 Subditorum
2044 2352 2133 2391 Regis
2148 2353 2260 2390 Magr'zae
2276 2357 2396 2383 Britan-

1335 2393 1407 2426 m'ae,
1424 2399 1472 2427 per
1487 2388 1718 2428 Pignorationes,
1733 2388 1916 2427 Reprisalias,
1927 2399 1974 2421 aut
1988 2399 2023 2420 ex
2041 2390 2093 2421 alia
2110 2401 2278 2430 quacunque
2290 2392 2393 2429 causti,

1337 2437 1397 2458 non
1411 2428 1586 2465 impedient,
1600 2429 1757 2467 quominus
1772 2427 1805 2457 ad
1821 2427 1921 2458 Portus
1936 2429 1969 2460 &
1984 2429 2141 2460 Territoria
2153 2429 2224 2461 dieti
2239 2430 2328 2470 Regis
2339 2434 2396 2460 Ca-

1328 2465 1417 2507 stellae
1435 2469 1500 2498 tuto
1514 2468 1664 2504 navigare,
1680 2466 1812 2503 idemque
1828 2466 2018 2498 Mercaturam
2034 2469 2067 2498 ὃς
2081 2467 2302 2499 Commercium
2316 2478 2398 2499 exer-

1335 2515 1399 2536 cere
1415 2505 1537 2544 poffinr,
1551 2504 1588 2536 Et
1603 2506 1680 2544 quod
1689 2505 1802 2536 Subditi
1820 2504 1934 2543 Regum
1948 2509 2060 2542 Magnae
2073 2509 2230 2536 Britannice
2245 2509 2278 2539 ὃς
2294 2509 2396 2536 Portu-

1333 2543 1426 2581 galliae
1443 2545 1576 2583 utrinque
1591 2544 1696 2575 eodem
1709 2543 1779 2582 Jure
1792 2550 1921 2580 utentur,
1946 2544 1965 2573 si
1988 2544 2177 2582 imposterum
2193 2546 2344 2585 contigerit
2358 2546 2399 2576 al-

1336 2591 1475 2613 terutrum
1493 2582 1608 2620 Regem
1630 2592 1699 2613 cum
1713 2582 1821 2612 alterius
1837 2583 1932 2612 amico
1956 2582 2065 2613 Bellum
2085 2592 2199 2622 gerere,
2222 2584 2395 2623 Subditique

1336 2621 1425 2661 Regis
1458 2623 1570 2659 Magnae
1604 2623 1764 2650 Britannice
1802 2619 1902 2651 eadem
1933 2620 2060 2651 libertate
2098 2623 2287 2660 exportabunt
2329 2633 2399 2653 om—

1334 2661 1382 2691 nia
1400 2669 1505 2699 genera
1529 2659 1678 2690 Mercium
1694 2681 1703 2696 ‚
1734 2659 1819 2689 etiain
1840 2659 1927 2689 Arma
1943 2681 1952 2696 ,
1988 2660 2143 2690 Annonam
2162 2661 2250 2693 aliave
2271 2662 2369 2692 similia
2382 2686 2394 2701 ‚

1336 2699 1365 2728 in
1396 2699 1500 2735 Regna
1521 2699 1555 2730 ὃς
1580 2698 1713 2728 Ditiones
1733 2697 1821 2735 Regis
1845 2696 2021 2736 Portugalliae
2036 2720 2045 2736 ,
2076 2699 2232 2738 eademque
2254 2710 2308 2737 pro
2342 2700 2399 2730 Ar-

1337 2738 1424 2768 bitrio
1442 2737 1510 2775 suo,
1536 2737 1594 2767 sine
1611 2737 1704 2774 aliquo
1726 2735 1934 2772 impedimento
1950 2736 2122 2767 Sereniffimi
2146 2738 2233 2777 Regis
2250 2738 2401 2776 Portugal-

1337 2775 1380 2846 ξι
1396 2776 1488 2814 ejusve
1498 2774 1701 2807 Ministrorutn
1714 2797 1724 2814 ,
1751 2776 1780 2806 in
1796 2774 1873 2806 Foro
1890 2775 2009 2813 publico
2023 2784 2068 2807 aut
2081 2777 2215 2813 privatim
2231 2787 2334 2809 venam
2350 2778 2402 2809 da-

1359 2823 1418 2846 unt.

1377 2864 1423 2885 12.
1441 2857 1526 2893 Item,
1549 2854 1626 2893 quod
1649 2854 1819 2885 Conventio
1836 2852 1928 2891 faeta,
1948 2854 2022 2885 inter
2044 2853 2214 2885 Dominum
2231 2854 2396 2885 Michaelem

1335 2894 1367 2924 de
1381 2894 1525 2930 Norwyha
1542 2894 1698 2925 Comitem
1714 2892 1750 2923 de
1765 2891 1903 2922 Linhares
1916 2894 2057 2930 Proregem
2071 2895 2135 2923 Goae
2145 2916 2156 2932 ,
2167 2894 2200 2924 &
2216 2894 2257 2923 W
2256 2892 2401 2923 illielmum

1336 2932 1496 2962 Methwold
1506 2932 1658 2963 Praesidem
1673 2930 1832 2970 Anglorum
1848 2931 1877 2960 in
1895 2931 1978 2960 India
1993 2931 2150 2969 Orientali,
2168 2930 2305 2962 vicesimo
2329 2932 2395 2970 Ja-

1334 2975 1426 3002 nuarii
1443 2972 1529 3012 1635.
1544 2971 1609 3001 stilo
1626 2981 1725 3008 novo,
1745 2971 1818 3000 inter
1833 2969 1969 3000 Subditos
1985 2970 2129 3007 utriusque
2152 2970 2241 3009 Regis
2258 2971 2288 3000 in
2309 2971 2397 3000 India.

1334 3009 1492 3047 Orientali,
1510 3011 1542 3040 &
1557 3011 1587 3040 in
1600 3009 1733 3040 omnibus
1748 3008 1914 3038 Ditionibus
1929 3007 2099 3038 Sereniffimi
2115 3008 2202 3046 Regis
2217 3009 2395 3044 Portagalliae

1334 3049 1405 3080 ultra
1430 3052 1519 3085 Caput
1541 3051 1626 3077 Bonae
1649 3050 1730 3085 Spei,
1749 3047 1961 3077 continuabitur
1985 3047 2017 3076 ὃς
2039 3045 2233 3077 observabitur
2247 3068 2256 3084 ,
2286 3047 2319 3076 &
2343 3057 2396 3085 per

1334 3086 1555 3118 Commiss'arios
1567 3087 1583 3116 a
1597 3086 1724 3123 Regibus
1739 3084 1881 3122 praedietis
1893 3085 2087 3114 nominandos
2104 3086 2132 3114 in
2145 3085 2228 3114 India
2253 3084 2396 3116 Orientali

1334 3126 1371 3156 de
1386 3125 1529 3165 postulatis
1544 3126 1577 3156 &
1595 3123 1765 3161 postulandis
1777 3122 1964 3153 Subditorum
1987 3123 2020 3153 &
2043 3122 2230 3153 Vassallorum
2253 3124 2396 3162 utriusque

1333 3163 1435 3204 Regis,
1445 3173 1497 3201 pro
1505 3163 1696 3193 Commercio
1704 3163 1754 3191 fiio
1764 3162 1792 3190 in
1807 3162 1889 3190 India
1906 3160 2041 3198 praediCta
2055 3161 2186 3192 habendo
2201 3161 2273 3191 infra
2281 3162 2394 3194 Trien-

1335 3203 1415 3234 nium
1432 3202 1641 3241 cognoscetur,
1655 3209 1684 3231 ut
1698 3200 1834 3237 deinceps
1850 3199 1906 3229 Pax
1921 3201 1954 3231 δε
1970 3198 2193 3230 Confoedcratio
2209 3201 2395 3239 perpetuain‹

1331 3249 1374 3273 ter
1389 3242 1526 3272 Subditos
1541 3239 1681 3278 utriusque
1697 3238 1801 3277 Regis,
1817 3247 1867 3278 per
1881 3238 1975 3277 Reges
1989 3238 2140 3278 praedrfflffls
2157 3236 2344 3270 confirmetur
2354 3241 2392 3272 δε

1334 3280 1359 3310 st
1376 3282 1495 3311 b'liatur.

1361 3292 1418 3360 a13¹.
1443 3319 1481 3349 Et
1498 3318 1562 3357 quia
1576 3317 1612 3349 de
1627 3316 2120 3355 CommerciO,frequentationeque
2129 3316 2320 3348 Subditorum
2329 3317 2391 3349 Re-

1327 3362 1370 3398 gis
1390 3362 1502 3395 Magnae
1517 3360 1675 3387 Britannice
1688 3356 1718 3386 in
1737 3356 1793 3385 oris
1808 3356 1840 3386 &
1856 3356 1978 3394 partibus
1990 3355 2098 3395 Africa
2117 3356 2149 3386 ὃς
2170 3354 2273 3386 Insulae
2293 3357 2392 3386 Sanctis

1327 3400 1452 3435 Thomae,
1472 3396 1584 3434 aliisque
1605 3394 1702 3425 Infulis
1724 3394 1799 3425 hisce
1821 3394 2050 3433 comprehensis,
2080 3393 2211 3424 nondum
2237 3396 2390 3426 conveniri

1326 3439 1438 3476 potuit,
1451 3444 1485 3466 ex
1497 3434 1612 3465 defectu
1630 3433 1832 3463 Mandatorurn
1854 3434 1869 3462 a
1891 3432 2074 3463 Sereniffimo
2098 3432 2182 3472 Rege
2209 3433 2386 3471 Portugalliae

1326 3478 1438 3514 Legatis
1450 3475 1500 3504 suis
1512 3472 1796 3508 transmifforum,ne
1814 3479 1847 3500 ex
1861 3471 1915 3500 hac
1932 3470 2132 3510 disceptatione
2147 3469 2293 3502 differatur
2314 3482 2385 3510 prae-

1325 3515 1385 3546 sens
1400 3513 1549 3545 Tratiatus
1563 3511 1645 3541 Pacis
1661 3511 1693 3540 &
1708 3510 1853 3540 Amicitiae
1874 3510 1892 3528 ²¹¹²
1915 3510 1986 3539 inter
2002 3518 2154 3547 utrumque
2180 3509 2307 3550 Regem,
2330 3521 2382 3540 eo-
2396 3508 2416 3529 *
2442 3512 2512 3543 xx,

2036 3547 2128 3586 Quod
2143 3550 2170 3577 in
2187 3548 2302 3585 Terris,
2324 3549 2382 3578 Lo-
2397 3552 2464 3584 526,

1326 3562 1449 3591 rumque
1467 3551 1619 3587 Subditos,
1637 3550 1766 3585 utrinque
1783 3547 1949 3577 conclusum
1965 3547 2021 3586 est,

1326 3594 1366 3624 cis
1377 3616 1385 3630 ,
1401 3590 1524 3626 Castris,
1540 3588 1683 3618 Portubus
1698 3589 1729 3617 ὃς
1743 3586 1810 3615 Oris
1828 3583 1952 3623 Aflicae,
1968 3588 2091 3623 Guinea,
2108 3590 2214 3624 Bima,
2231 3590 2292 3618 &c
2334 3588 2382 3617 In-

1325 3631 1380 3662 sula
1389 3629 1484 3663 Sanffi
1498 3627 1624 3664 Thomae,
1641 3626 1752 3663 aliisque
1769 3624 1863 3654 insulis
1886 3623 1960 3654 hisee
1985 3625 2213 3663 comprehenih,
2233 3628 2260 3655 in
2280 3626 2384 3664 quibus

1326 3679 1457 3710 tempore
1474 3667 1590 3704 Regum
1605 3663 1744 3704 Castellae,
1763 3663 1817 3691 five
1832 3662 1976 3702 hucusque
2000 3664 2134 3694 Subditos
2158 3664 2243 3701 Regis
2267 3668 2383 3702 fllzgnae

1329 3711 1486 3738 Britanniae
1505 3701 1677 3735 Mereatur-„e
1690 3702 1772 3731 causa
1787 3701 1938 3738 habitaffe,
1955 3701 1999 3731 vel
2018 3703 2047 3731 in
2065 3702 2237 3733 possessione
2248 3726 2256 3739 ,
2275 3702 2385 3740 Nego-

1326 3749 1381 3785 tia,
1393 3746 1635 3780 Commerciaque
1651 3740 1798 3770 exercendi
1813 3739 1899 3769 fuisse
1921 3740 2094 3779 constiterit,
2118 3740 2190 3771 nu¹la
2208 3740 2332 3772 alteratio
2348 3738 2382 3772 fi-

1328 3796 1364 3817 ve
1382 3787 1503 3815 mutatio
1516 3783 1582 3818 erit,
1598 3780 1709 3810 nullave
1724 3777 1852 3808 molestia
1866 3777 1922 3808 sive
1938 3780 1975 3817 inj
1989 3781 2033 3808 irini
2048 3780 2097 3808 illis
2113 3781 2127 3809 a
2145 3778 2287 3816 Lusitanis
2298 3790 2328 3810 ea
2344 3781 2381 3811 de

1328 3825 1405 3855 causa
1421 3819 1548 3853 facienda
1563 3818 1622 3856 cst,
1639 3817 1675 3847 Et
1692 3817 1709 3846 l'i
1726 3817 1816 3853 aliqua
1832 3818 1940 3846 ratione
1952 3840 1961 3855 ‚
1975 3828 2003 3847 in
2021 3817 2106 3853 Oris,
2129 3817 2227 3847 insulis
2243 3820 2276 3849 ὃς
2298 3819 2382 3848 Locis

1329 3860 1572 3900 praedic‘tis,aiiqua
1581 3855 1738 3891 Vestigaiia
1746 3855 1893 3885 aSubdiris
1904 3855 1993 3892 Regis
2003 3859 2115 3892 Magna*
2125 3858 2283 3885 Britanniae
2294 3857 2345 3886 sint
2353 3866 2384 3885 e-

1330 3901 1456 3935 merenda,
1465 3907 1524 3928 non
1534 3904 1614 3925 erim:
1626 3904 1653 3922 in
1661 3895 1731 3930 ijorri
1740 3902 1785 3923 aut
1793 3894 1934 3931 graviora,
1944 3904 2027 3932 quam
2038 3898 2133 3932 queat>
2142 3895 2199 3923 aliis
2209 3895 2385 3925 Nationibus

1331 3925 1400 3970 cii'm
1414 3939 1496 3973 Rege
1508 3934 1660 3971 Lusttaniae
1669 3931 1811 3962 foederatis
1832 3934 1986 3970 exigentur,
1996 3933 2163 3969 Subditique
2176 3933 2261 3971 Regis
2278 3932 2389 3970 Lufita-

1329 3982 1393 4015 niae,
1400 3973 1658 4015 pro'Navigatione
1667 3972 1700 4000 ὃ(
1712 3969 1901 4002 commercio
1909 3971 1942 4001 ad
1954 3972 2026 4000 Oras
2033 3971 2066 4001 &
2075 3970 2176 4000 Insulas
2185 3970 2390 4010 predictam&-

1331 4015 1431 4046 traneis
1449 4012 1583 4043 Navibus
1598 4010 1774 4046 indigentes,
1791 4018 1924 4046 poterunt
1938 4010 2026 4040 libere
2041 4019 2093 4046 pro
2108 4009 2237 4040 Arbitrio
2259 4013 2306 4036 iuo
2322 4007 2357 4037 N
2359 4018 2389 4038 a-

1331 4063 1380 4087 ves
1397 4052 1587 4085 Subditorum
1600 4047 1688 4086 Regis
1702 4051 1988 4116 A1agnae31ritanniae
2004 4047 2185 4084 conducere,
2200 4046 2235 4077 Et
2249 4045 2331 4113 quog3
2339 4055 2388 4082 per

1818 4097 1827 4116 i
1872 4095 1891 4116 2
2333 4093 2385 4113 om
