2561 4263
729 110 1285 163 EPISTOLAE

621 291 767 337 Episcopo·
778 287 909 333 Ostiensi.

242 380 524 440 REverendifl‘ime
548 377 647 414 Pater,
666 376 727 406 &c.
766 373 807 404 D.
830 373 982 405 Zacharias
1003 369 1164 415 Delphinus
1181 366 1304 410 Episco-

318 432 370 460 pus
382 419 541 452 Pharenlis,
559 415 630 452 apud
650 413 865 445 Sereniffimum
883 413 922 442 R.
938 411 976 441 R.
996 410 1134 454 Nuncius
1156 406 1304 452 Apostoli-

243 472 294 498 ως
312 468 422 498 propter
438 456 514 487 suam
530 456 563 485 &
578 454 767 491 integritatem
778 453 844 482 vitae
858 452 891 481 ὃ(
908 449 1097 488 praestantiam
1109 444 1303 490 doctrinm&

245 484 380 537 inii’gnem
403 497 430 525 in
456 493 586 523 maximis
607 492 746 522 obeundis
769 492 851 521 rebus
872 489 953 520 usum
968 497 1051 531 atque
1067 486 1173 523 fidem,
1187 485 1305 532 *Litteris

244 535 413 571 Serenissimi
434 532 523 569 Regis
537 530 781 567 Sereniffimaeque
806 528 926 568 Reginae
944 526 1089 563 Boemiae,
1106 523 1204 568 sedulo
1221 522 1306 567 nobis

245 574 463 609 commendatus
476 570 527 600 est.
565 570 657 607 Cujus
677 570 728 597 viri
748 567 903 606 Dignitatis
917 567 951 596 &
969 573 1112 609 tantorum
1131 562 1306 606 Prmcrpum

242 610 504 646 commendationis
516 619 581 640 eam
597 608 736 638 rationem
751 607 901 643 habemus,
918 613 950 635 ut
967 603 1061 634 statim
1074 613 1103 633 in
1117 610 1245 631 animum
1253 610 1307 630 no-

245 654 333 685 strum
350 650 565 686 induceremus,
583 648 707 678 Litteras
719 644 828 675 nostras
849 645 914 688 dare
929 642 965 673 ad
989 642 1026 673 V.
1043 640 1166 685 R.·D.‚
1183 648 1307 683 magno-

243 691 309 732 pere
324 687 496 725 postulantes
509 695 538 716 ut
555 688 583 716 in
600 685 729 722 proxima
751 682 948 714 Cardinalium
971 688 1158 718 cooptatione
1180 679 1224 708 tus
1246 678 1307 708 Re-

244 727 382 760 verendus
404 724 562 762 Episcopus
587 723 731 754 Pharensis
756 723 784 752 in
798 732 866 752 eum
891 722 1007 760 eligatur
1023 720 1170 750 Senatum.
1197 716 1309 760 *Itaque

244 768 328 798 nobis
349 773 460 803 gratum
483 765 553 801 erit,
577 763 596 793 si
619 763 642 792 is
666 761 831 799 intelligat,
856 759 984 790 nostram
1004 756 1312 800 commendationem,

243 815 311 836 cum
335 801 427 834 vestra
450 802 537 838 oper-{1
557 800 764 839 conjunctam,
789 801 822 830 &
847 799 954 831 usui&
975 804 1150 829 ornamento
1164 794 1204 824 illi
1219 793 1313 824 futsse.

243 844 342 881 Deus,
360 844 421 875 &o
457 840 709 879 Hamptoniae,26
725 838 804 876 Sept.
824 846 911 877 1554.

1103 911 1141 943 M
1155 920 1209 942 AR
1222 919 1276 940 ΙΑ.

648 1046 730 1079 Duci
749 1043 865 1076 Florem
870 1045 911 1075 iae.

246 1132 471 1200 ILlustrlffime
487 1132 522 1163 P.
542 1131 602 1163 Ch.
620 1129 658 1160 C.
684 1128 912 1160 Bartholomaeus
934 1126 1100 1165 Compagni
1116 1124 1313 1164 Florentinus,

297 1174 346 1211 qui
358 1172 408 1202 diu
423 1173 471 1203 hic
490 1170 615 1202 Londini
631 1176 793 1206 negotiatus
808 1166 868 1205 est,
887 1168 919 1198 ὃς
938 1176 1051 1206 propter
1074 1165 1150 1196 suam
1166 1165 1254 1209 sidem
1270 1175 1312 1195 at-

245 1221 303 1250 que
326 1212 520 1249 prudentiam,
544 1209 621 1240 Patri
644 1207 744 1238 nostro
767 1205 900 1236 Henrico
919 1205 1056 1243 offitavo,
1082 1203 1229 1242 Fratrique
1253 1204 1313 1247 Ed-

245 1251 349 1282 wardo
365 1250 473 1286 Sexro,
491 1247 661 1279 Clarissimae
677 1245 826 1276 memoriae
843 1244 1023 1282 Principibus
1038 1242 1188 1285 percharus
1204 1251 1314 1280 crttitit,

247 1290 282 1321 &
299 1290 382 1320 nobis
402 1290 487 1320 etiam
502 1285 613 1324 existit,
631 1284 806 1326 magnopere
823 1284 839 1313 a
854 1284 938 1314 nobis
944 1283 1054 1352 (petiit,
1077 1290 1110 1324 ut,
1123 1281 1312 1325 ictiberemus

246 1328 283 1359 ad
299 1327 429 1359 Vestram
443 1325 647 1356 Excellentiam
663 1326 691 1354 in
711 1323 828 1363 gratiam
851 1321 929 1352 Petri
964 1322 1112 1364 ‘ompagni
1127 1328 1242 1363 cognati
1258 1319 1313 1357 sui,

246 1367 295 1407 qui
311 1366 393 1404 istic,
413 1366 458 1396 vel
470 1364 627 1404 juventutis
647 1363 775 1398 levitate,
794 1359 839 1391 vel
854 1359 962 1404 nefario
981 1360 1102 1390 aliorum
1118 1359 1252 1395 Conlllio,
1272 1358 1313 1387 fa-

246 1409 310 1436 etus
325 1405 455 1436 conscius
470 1402 612 1440 cujusdam
625 1401 762 1437 Sceleris,
779 1401 811 1431 δε
828 1399 888 1429 suos
902 1408 930 1428 tri
948 1407 1086 1442 magnum
1102 1406 1261 1441 moerorem
1279 1397 1312 1427 &

248 1443 277 1475 se
292 1445 322 1474 iri
338 1453 474 1482 magnum
489 1441 641 1472 discrimen
657 1439 780 1470 adduxit.
808 1437 837 1468 Si
857 1446 993 1476 quantum
1010 1446 1102 1474 itaque
1118 1436 1231 1467 homini
1244 1435 1313 1466 ado-

250 1482 367 1514 lescenti
382 1480 605 1512 condonandum
617 1502 626 1517 ,
650 1486 845 1519 quantumque
866 1477 907 1512 ei,
933 1477 963 1506 in
979 1485 1037 1514 quo
1052 1474 1095 1506 est
1106 1496 1115 1512 ,
1137 1475 1221 1518 ¹sicuti
1234 1474 1312 1519 audi-

247 1531 329 1558 mus,
343 1530 444 1560 magna
458 1521 490 1552 ὃ(
506 1520 676 1559 poenitentia
692 1517 841 1554 pnetcritae
855 1515 964 1561 culpae,
983 1517 1015 1545 &
1032 1514 1091 1557 spes
1106 1521 1192 1543 etiam
1214 1513 1314 1543 melio-

248 1562 285 1590 ris
300 1561 385 1597 vitre,
410 1559 592 1589 tribuendum
615 1556 663 1593 sit,
688 1556 755 1585 huic
782 1554 869 1584 Petro
885 1553 1068 1591 Lompagni,
1093 1551 1193 1582 nostro
1214 1561 1313 1592 rogatu

248 1598 432 1635 concedatis,
451 1597 535 1626 nobis
550 1605 612 1625 rem
631 1603 739 1634 gratam
758 1601 837 1631 atque
852 1599 978 1629 optatam
996 1592 1111 1621 facietis.
1150 1591 1249 1629 Quam
1261 1600 1314 1621 nos

248 1637 331 1666 simili
347 1637 524 1667 humanitatis
546 1635 670 1670 ratione,
697 1633 816 1662 libenter
833 1630 1056 1669 compensaturae
1076 1628 1180 1660 sumus,
1216 1629 1313 1668 Deus,

245 1675 310 1706 &c.
343 1674 472 1706 XVestm.
489 1683 506 1712 7
523 1672 649 1704 Octobr.
675 1680 760 1710 1554.

569 1803 613 1835 D.
637 1802 706 1845 Reg.
734 1797 802 1831 Polo
827 1796 995 1830 Cardintzli.

252 1886 536 1946 REverendiffime
557 1886 659 1925 Pater,
676 1884 897 1923 Consanguinee
921 1881 1100 1914 Chariffime.
1121 1882 1201 1914 Cum
1223 1892 1313 1921 nuper

332 1927 577 1966 significaverimus
595 1925 630 1956 V.
653 1925 691 1955 R.
711 1924 753 1954 D.
771 1934 820 1962 per
841 1921 880 1952 D.
890 1921 1058 1952 Holandum
1078 1921 1244 1952 familiarem
1263 1933 1312 1953 ve-

250 1967 435 2005 strum,quid
455 1965 632 1995 statuendum
651 1964 706 1993 elie
729 1960 952 1997 duxerimu8,de
974 1969 1038 1990 toto
1055 1960 1104 1990 illo
1120 1960 1215 1991 vestro
1235 1962 1314 1991 insti-

249 2015 331 2044 tuto,
350 2008 378 2036 iri
395 2015 453 2043 quo
465 2004 512 2033 diu
525 2005 584 2043 jam
600 2002 791 2040 perficiendo,
806 2008 914 2030 tantam
929 2009 1028 2042 curam
1046 2000 1078 2030 &
1094 2009 1210 2038 operam
1218 1999 1260 2043 Ὺ.
1271 2000 1313 2031 R.

248 2045 290 2079 D.
307 2045 414 2083 posuit,
435 2051 464 2072 ut
481 2042 562 2080 plane
577 2041 727 2079 intelligas,
745 2049 829 2079 atque
843 2038 1134 2081 adeo-videasffiuam
1152 2039 1237 2068 nobis
1245 2049 1312 2076 pro-

246 2085 347 2115 batum
361 2091 551 2121 optatumque
566 2081 596 2110 iit
613 2080 689 2110 idcni
704 2080 830 2109 vestrum
846 2077 1012 2119 consilium,
1031 2077 1089 2106 hoc
1101 2086 1229 2114 tempore
1247 2080 1314 2109 mit-

247 2125 334 2154 timus
348 2122 382 2152 ad
399 2120 434 2150 V.
449 2121 487 2149 R.
502 2121 542 2150 D.
557 2119 598 2149 D.
611 2119 652 2149 G.
671 2118 840 2155 Pagettum,
859 2115 977 2145 Ordinis
1003 2114 1092 2144 nostri
1110 2115 1260 2155 Equitem,
1277 2118 1310 2148 δε

249 2162 292 2192 D.
302 2161 356 2191 Ed.
367 2160 667 2197 Hastinas,equorum
686 2155 852 2188 nostrorum
870 2154 1044 2184 Prae-sedtum
1055 2154 1245 2196 ,fidelissimos
1259 2166 1314 2185 no..

250 2200 322 2230 stros
344 2191 524 2228 Consiliafios
541 2220 550 2235 ,
576 2198 623 2234 qui
643 2194 771 2225 nostram
793 2193 970 2224 voluntatem
995 2194 1028 2224 ὃ(
1053 2196 1176 2231 lenium,
1194 2193 1230 2223 de
1250 2203 1313 2224 toto

250 2239 311 2268 hoc
327 2237 468 2276 negotio,
494 2236 578 2265 fusius
605 2244 704 2265 coram
725 2235 853 2263 sermone
875 2231 1058 2262 declararent.
1099 2232 1185 2270 Quos
1208 2231 1248 2262 R.
1269 2234 1311 2263 D.

248 2285 308 2308 tuae
331 2277 359 2305 in
381 2276 439 2305 hoc
461 2275 561 2304 itinere
590 2274 710 2303 comites
729 2271 784 2302 effe
800 2270 934 2307 jussimus.
971 2270 1089 2308 Quibus
1111 2280 1140 2301 ut
1163 2269 1249 2302 fidem
1265 2274 1313 2303 tri-

249 2317 320 2346 buas
335 2337 345 2353 ,
362 2315 391 2344 in
408 2314 545 2344 omnibus
562 2312 661 2348 rebus,
689 2321 754 2347 quas
776 2309 873 2340 nostro
891 2309 1026 2345 nomine,
1054 2318 1154 2339 tecum
1175 2319 1314 2341 commu-

250 2354 374 2385 nicaturi
391 2352 469 2389 sunt,
486 2351 645 2381 admodum
662 2358 802 2387 rogamus.
840 2348 1038 2385 Cupimusque
1052 2357 1081 2378 ut
1097 2348 1155 2379 hoc
1172 2349 1316 2388 iterquam

252 2393 381 2431 primum
404 2391 544 2428 suicipias:
571 2389 598 2418 id
620 2392 715 2426 quod,
743 2387 774 2417 ὃ(
799 2388 884 2416 nobis
898 2387 978 2417 valde
1023 2395 1132 2425 ratum,
1151 2387 1184 2417 &
1199 2389 1268 2424 tibi,
1287 2397 1318 2419 ut

254 2432 398 2468 speramus
416 2451 427 2468 ,
444 2439 503 2460 non
520 2428 707 2466 injucundum
729 2425 853 2457 futurum
871 2448 881 2464 ,
912 2424 961 2455 est.
1221 2426 1317 2459 West,

257 2479 296 2509 14
312 2469 384 2499 Odt.
468 2480 471 2483 ·

1040 2435 1101 2463 eus,
1120 2426 1183 2457 &c.

860 2538 956 2571 Vestri
976 2539 1188 2580 Consanguinei

1032 2617 1283 2651 PHILti’PUS.

1035 2655 1203 2688 Manu.

456 2787 501 2820 D.
526 2782 676 2831 Adolpho,
700 2781 920 2828 Archiepiftopo
948 2782 1112 2826 Coloniensi.

258 2872 544 2931 REverendissime
567 2871 596 2900 in
636 2868 757 2899 Christo
791 2867 874 2898 Pater
890 2890 899 2904 ,
936 2866 1121 2898 Illustriffime
1131 2867 1166 2899 P.
1191 2869 1319 2900 Nobiles

335 2915 388 2944 viri
406 2913 506 2951 Legati
522 2909 621 2945 vestri,
639 2909 783 2938 Antonius
798 2905 908 2936 Comes
921 2907 957 2936 ab
972 2905 1105 2936 Holstein
1122 2909 1156 2939 &
1172 2906 1318 2938 Herman-

256 2965 309 2986 nus
325 2952 435 2982 Comes
450 2951 486 2980 ab
502 2948 704 2984 Henwennar,
723 2946 840 2976 Litteras
855 2944 956 2975 vestras
970 2945 1054 2974 valde
1068 2953 1159 2984 gratas
1182 2947 1216 2976 &
1236 2957 1319 2977 acce-

258 3002 318 3031 ptas
346 2991 430 3021 nobis
453 2987 642 3018 reddiderunt.
680 2986 723 3015 Ex
747 2986 779 3013 iis
795 2983 908 3014 Litteris
929 2986 961 3014 ὅ(
978 2992 1012 3012 ex
1035 2983 1140 3014 horum
1163 2984 1318 3016 hominum

256 3033 403 3066 sermone,
423 3026 529 3064 magna
543 3024 640 3056 nostra
657 3033 726 3054 cum
743 3023 889 3060 voluptate
903 3045 911 3059 ‚
932 3022 1115 3053 intelleximus
1126 3046 1135 3061 ‚
1153 3023 1255 3062 quanta
1269 3026 1319 3054 be-

259 3067 426 3101 nevolentia
441 3068 474 3097 ὃς
491 3063 584 3094 studio
607 3064 642 3093 V.
658 3062 696 3093 R.
713 3061 753 3091 D.
770 3060 935 3091 Dominum
945 3060 1174 3104 ‘Conjugemque
1190 3062 1317 3093 nostrum

258 3107 453 3138 chariliimum
475 3103 646 3142 prosequitur
676 3103 709 3132 &
737 3099 880 3130 observat.
916 3099 1053 3142 Libenter
1077 3101 1162 3130 etiarn
1184 3101 1320 3132 intellexi-

260 3157 325 3177 mus
341 3146 425 3184 quarn
442 3143 544 3180 cupida
561 3143 645 3171 etiam
663 3140 694 3170 sit
709 3138 746 3168 V.
760 3138 820 3175 D.,
845 3139 878 3168 &
902 3138 1054 3168 retinendae
1078 3139 1111 3169 &
1131 3142 1267 3177 augendae
1287 3141 1320 3170 il-

263 3186 316 3215 lius
332 3183 483 3219 amicitiae,
502 3190 566 3218 quoe
581 3179 686 3209 multos
700 3177 757 3215 jam
772 3186 877 3214 annos,
896 3175 931 3206 P.
946 3175 990 3206 El.
1009 3175 1321 3214 Colonieniibus‚cum

264 3223 450 3260 superioribus
468 3220 578 3257 Angiiae
596 3217 743 3255 Regibus,
763 3216 840 3245 arCta
851 3216 886 3246 ὃ(
901 3214 979 3244 firma
995 3215 1156 3246 interceffit.
1182 3215 1254 3247 Hoc
1270 3228 1322 3248 ve-

268 3261 357 3291 strum
375 3262 405 3290 in
422 3258 560 3288 illustrem
583 3255 746 3293 Conjugem
761 3254 891 3283 nostrum
914 3252 1057 3295 studium,
1083 3255 1116 3284 ὃς
1139 3255 1212 3285 hanc
1234 3257 1323 3286 etiam

235 3307 238 3310 ’
269 3300 298 3328 in
316 3309 367 3328 nos
386 3298 545 3338 praeciaram
562 3295 739 3324 voluntatem
752 3292 870 3321 libenter
884 3291 1092 3328 amplectimur.

308 3336 364 3366 Cui
379 3336 474 3366 vestro
488 3343 567 3373 grato
582 3333 692 3368 animo,
710 3331 779 3360 cum
798 3331 995 3366 opportunitas
1018 3338 1063 3360 aut
1083 3330 1255 3369 gratificandi
1271 3342 1326 3362 vo-

269 3375 314 3404 bis
330 3375 389 3411 ipfis
400 3397 409 3411 ‚
425 3383 471 3404 aut
485 3370 691 3402 commodandi
706 3369 802 3398 vestris
823 3369 991 3397 hominibus
1011 3368 1093 3397 nobis
1113 3370 1207 3399 oblata
1227 3370 1326 3409 fuerit,

272 3412 367 3443 sedulo
383 3411 622 3449 respondebimus.
650 3407 707 3437 Sed
727 3407 762 3437 de
777 3405 1051 3446 nostraqvoluntate,
1066 3407 1156 3443 deque
1172 3409 1229 3437 aliis
1247 3412 1328 3440 rebus

273 3460 339 3488 quae
354 3450 401 3479 hic
415 3458 565 3488 geruntur,
580 3446 737 3484 vestri,qui
755 3446 802 3474 has
823 3446 968 3480 perterunt
980 3466 989 3480 ,
1008 3444 1159 3483 Oratores,
1177 3447 1261 3477 furitis
1276 3458 1327 3478 co-

274 3498 336 3521 ram
351 3488 539 3518 declarabunt.
579 3485 677 3523 Deus,
691 3487 752 3514 δῖε.
791 3491 830 3512 20
846 3480 931 3513 NOV-
949 3491 1033 3520 ¹554·

429 3621 475 3653 D.
500 3619 665 3663 Franftifio
690 3621 830 3660 Venerio,
857 3619 938 3651 Duci
963 3621 1166 3652 Venetiamm.

315 3704 499 3739 Llustrissime
517 3702 659 3739 Princeps.
669 3703 854 3742 Quamquam
874 3714 934 3734 non
951 3703 1205 3740 dubitamus,quin
1225 3703 1338 3736 Litteris

281 3711 313 3772 I
340 3745 469 3776 Oratorie·
484 3740 568 3772 vestri
589 3741 746 3778 vestraeque
765 3742 943 3780 Reipublicae
958 3743 1091 3771 certiores
1104 3743 1163 3779 jam
1181 3742 1247 3772 facti
1267 3743 1337 3780 litis,

281 3784 361 3823 quod
376 3781 502 3820 singulari
512 3779 570 3809 Dei
586 3779 809 3817 benignitate,&
826 3781 904 3817 quod
913 3780 1107 3810 consentiente
1119 3782 1249 3810 omnium
1265 3786 1339 3818 apud

284 3833 337 3855 rios
346 3822 492 3851 Ordinum
507 3817 689 3856 voluntate&
698 3827 782 3854 voce,
792 3819 846 3848 hoc
857 3819 991 3857 Regnum
1001 3818 1131 3850 nostrum
1141 3829 1231 3856 nuper
1247 3821 1279 3851 ad
1290 3830 1339 3849 ve-

284 3870 376 3898 terem
392 3857 576 3888 Catholicam
597 3854 676 3886 Sedis
690 3854 866 3892 Apostolicae
889 3857 975 3887 fidem
990 3866 1074 3893 arque
1090 3857 1282 3888 obedientiam
1297 3868 1340 3888 re-

285 3900 386 3935 dierit,
405 3905 499 3926 tamen
514 3895 583 3924 cum
599 3893 681 3935 valde
698 3892 781 3922 nobis
795 3896 968 3935 exploratum
983 3895 1070 3932 estet,
1096 3896 1173 3932 qiiod
1197 3896 1341 3933 praecipua

284 3949 339 3972 vos
359 3934 456 3967 laetitia
483 3933 560 3962 hunc
582 3940 721 3971 nuncium
744 3934 924 3970 acciperetis,
944 3943 1004 3963 non
1020 3934 1160 3963 voluimus
1175 3936 1342 3964 committe-

286 3988 335 4014 re,
353 3983 382 4005 ut
401 3975 457 4003 hoc
473 3971 583 4001 factum
607 3978 665 3999 tam
689 3969 770 3999 foelix
785 3969 818 3999 δε
836 3979 966 4006 optatum
981 3971 1076 4002 alienis
1097 3972 1191 4009 potius
1205 3972 1342 4001 sermoni-

286 4018 356 4051 bus,
374 4020 460 4050 quam
480 4009 582 4040 nostris
597 4007 711 4039 Litteris
725 4008 760 4039 ad
772 4017 826 4039 vos
837 4008 998 4040 adferretur.
1037 4009 1132 4048 Hujus
1147 4010 1186 4041 rei
1208 4009 1342 4043 fusiorem

1351 106 1734 159 MARIAE,

1337 191 1484 231 magisque
1508 191 1677 230 explicatam
1707 192 1916 224 enarrationem
1942 194 2019 226 fideli
2037 193 2138 227 nostro
2158 195 2234 234 apud
2256 205 2310 226 vos
2332 194 2411 225 Ora-

1342 233 1399 260 tori
1415 230 1457 260 D.
1473 229 1561 261 Petro
1579 229 1696 261 Vannes
1717 228 1843 260 Decano
1864 231 2058 264 sarisburiensi
2079 235 2293 273 commisimus,
2313 234 2361 264 cui
2381 242 2412 264 ut

1342 268 1596 347 ffiffissrgisssssss'
1622 278 1675 300 vos
1701 267 1864 299 admodum
1892 278 2038 309 rogamus.
2080 271 2181 311 Deus,
2208 273 2270 305 &c.
2307 280 2323 310 5
2348 270 2414 303 De-

1558 434 1688 466 Domino
1713 433 1882 474 Gulielmo,
1909 435 1993 467 Duce*
2012 437 2200 472 Mantuano.

1345 516 1574 585 ILllustriffime
1595 517 1749 557 Princeps,
1779 517 1997 560 Consanguinee
2014 520 2184 553 chariffime.
2210 520 2354 561 Magnam
2371 534 2421 555 ce-

1391 557 1483 594 pimus
1504 557 1633 587 laetitiam
1647 565 1681 586 ex
1694 567 1730 587 eo
1751 557 1875 588 Nuncio
1890 560 1938 597 qui
1953 559 1987 589 ad
2007 569 2060 590 nos
2073 560 2169 590 allatus
2186 559 2243 597 est,
2260 562 2296 592 de
2314 565 2422 600 nuptiis

1343 595 1398 631 jam
1417 595 1582 631 celebratis,
1594 597 1667 626 inter
1683 594 1900 626 Illustriffimum
1916 596 2166 637 Conianguineum
2186 600 2318 631 nostrum
2340 600 2423 631 Mar-

1345 634 1485 664 chioriem
1503 633 1539 664 de
1560 633 1686 673 Piscara,
1701 635 1733 665 &
1748 634 1940 666 Clariffimam
1962 635 2085 667 vestram
2105 636 2244 668 Sororem
2260 661 2271 677 ,
2292 639 2421 670 nostram

1347 671 1604 709 consanguineam
1623 672 1834 710 charissimam,
1854 672 2014 704 Dominam
2034 675 2234 708 isabellamAEt
2254 687 2313 715 quo
2336 678 2423 715 pluris

1348 721 1402 741 nos
1417 712 1526 749 semper
1545 711 1684 750 fecimus,
1702 721 1771 742 cum
1792 721 1901 743 nornen
1926 711 2066 750 utriusque
2083 713 2296 753 Familiae,tum
2311 715 2422 747 Hono-

1350 759 1413 780 rem
1430 751 1572 788 utriusque
1587 749 1729 789 conjugis
1739 773 1748 788 ,
1760 751 1793 781 ὃς
1810 750 1873 781 sane
1887 760 1964 781 nunc
1976 750 2118 782 libentius*
2134 753 2203 783 huic
2218 755 2422 790 conjunctioni

1350 789 1449 818 omnia
1466 788 1547 827 laeta,
1571 789 1658 819 fausta
1677 792 1709 821 &
1727 789 1867 820 fortunata
1889 797 2065 828 exoptamus.
2103 775 2256 829 Qicquid
2274 793 2358 831 igitur
2376 793 2422 824 vel

1351 826 1386 857 ad
1405 836 1533 857 mutuam
1552 828 1624 859 inter
1643 838 1692 858 eos
1711 827 1870 865 augendam
1890 828 2137 867 benevolentiam,
2160 831 2207 860 vel
2225 829 2260 860 ad
2279 840 2419 862 commu-

1351 875 1418 895 nem
1437 866 1571 896 omniurn
1593 866 1719 899 vestrum
1743 866 1899 896 ornandam
1926 865 2121 906 Dignitatem,
2136 869 2152 897 a
2176 868 2259 898 nobis
2285 869 2424 908 proficisci

1351 903 1437 942 poffit
1448 927 1457 943 ,
1477 904 1602 937 studiose
1620 905 1729 944 semper
1750 904 1954 944 praestabirnus.
1992 905 2092 944 Deus,
2105 907 2167 938 &c-
2187 907 2215 936 6.
2234 906 2311 939 Dec.
2337 916 2423 948 1554.

1550 1032 1685 1064 Dominae
1706 1033 1911 1078 Margana,
1923 1032 2005 1065 Duci
2024 1034 2215 1066 Mantuam.

1352 1114 1567 1170 lLlustriffima
1585 1115 1640 1154 P.‚
1659 1114 1697 1146 C.
1723 1116 1904 1148 Chariffima.
1937 1117 2033 1149 Foelix
2060 1117 2242 1157 faustumque
2257 1119 2289 1150 sit
2311 1121 2426 1152 necesse

1362 1190 1366 1194 ι
1391 1154 1656 1197 'ein-connubium
1673 1155 1734 1186 hoc
1754 1155 1831 1193 quod
1848 1156 2002 1194 prudenter
2021 1167 2111 1195 nuper
2130 1157 2312 1197 institutum,
2333 1160 2367 1191 ὅτ
2382 1160 2425 1190 fe-

1350 1189 1440 1222 liciter
1455 1202 1516 1230 Jam
1537 1192 1697 1230 perfecitum
1714 1192 1756 1225 cst
1774 1195 1844 1225 inter
1863 1193 2057 1226 Clarissimum
2079 1196 2287 1228 Marchionem
2307 1196 2344 1229 de
2365 1196 2427 1228 Pis-

1349 1237 1412 1260 cara
1421 1253 1438 1273 ,¹
1450 1232 1483 1261 &
1502 1231 1709 1263 ornatissimam
1727 1231 1850 1263 vestram
1869 1233 1965 1264 Filiam
1981 1256 1991 1272 ,
2021 1234 2271 1275 chariffimamque
2294 1234 2424 1266 nostram

1350 1268 1605 1308 Conianguineam
1624 1269 1664 1300 D.
1683 1269 1838 1302 Isabellam.
1876 1271 1933 1303 Hic
1956 1274 2076 1303 nuncius
2106 1284 2154 1310 per
2179 1274 2206 1305 se
2233 1273 2349 1312 quidem
2368 1285 2424 1305 no-

1351 1308 1394 1338 bis
1411 1317 1504 1348 gratus
1523 1309 1650 1348 fuit,sed
1672 1309 1796 1340 eundem
1815 1309 1911 1341 multo
1931 1312 2086 1348 gratiorem
2104 1312 2233 1343 fecerunt
2252 1313 2358 1344 Literae
2372 1323 2423 1344 ve-

1351 1345 1415 1377 strae
1432 1357 1437 1376 :
1467 1346 1581 1386 Qiibus
1599 1348 1711 1379 faCtum
1729 1348 1772 1379 est
1785 1370 1795 1387 ‚
1821 1357 1852 1379 ut
1869 1359 1921 1379 nos
1940 1350 2026 1380 etiarn
2043 1350 2125 1387 hujus
2142 1350 2250 1382 laetitiae
2269 1352 2421 1390 participes

1349 1385 1477 1416 essemus.
1528 1386 1712 1425 Voluptatem
1730 1388 1822 1426 itaque
1853 1397 1939 1425 quam
1964 1389 2141 1425 percepimus
2159 1398 2193 1419 ex
2218 1388 2274 1419 istis
2292 1391 2395 1429 nuptiis
2409 1413 2419 1428 ,

1351 1433 1429 1454 nunc
1447 1424 1550 1456 Literis
1568 1426 1691 1457 libenter
1709 1425 1884 1456 ostendimus
1898 1449 1908 1465 ,
1935 1426 1968 1457 ὃ(
1991 1426 2114 1464 ejusdem
2133 1427 2261 1458 frustum
2284 1428 2424 1467 aliquem,

1350 1463 1454 1532 nggsss
1469 1463 1629 1542 ῗὲἰςςέαηόο
1647 1464 1752 1497 officiis
1771 1465 1939 1496 exhibiturae
1956 1464 2062 1496 sumus.
2098 1465 2181 1497 Deus
2195 1488 2206 1505 ‚
2232 1467 2295 1499 &a
2313 1468 2342 1498 6.
2359 1466 2423 1498 De-

1353 1512 1369 1532 c
1443 1525 1451 1532 .
1549 1527 1556 1534 .

1515 1630 1649 1665 Dominae
1668 1632 1762 1663 Annae
1778 1622 1993 1677 Marchioniffie
2009 1630 2254 1676 Monferratetfi.

1353 1713 1568 1785 lLlustriffima
1587 1715 1639 1754 P.,
1655 1715 1826 1747 Chariffima
1846 1714 1883 1746 C.
1903 1714 2019 1746 Placent
2047 1716 2129 1746 nobis
2157 1715 2340 1756 summopere
2360 1717 2424 1750 istae

1401 1756 1508 1793 nuptiae
1527 1755 1563 1785 de
1582 1756 1683 1793 quibus
1699 1756 1792 1786 scribit
1808 1755 1842 1786 ad
1859 1764 1912 1785 nos
1927 1753 2023 1785 Vestra
2041 1753 2222 1786 Excellentia.
2234 1754 2355 1795 Magnas
2373 1757 2424 1786 ita-

1354 1802 1410 1831 que
1427 1795 1527 1832 gratias
1546 1794 1600 1824 tibi
1624 1794 1660 1824 de
1679 1795 1736 1825 hoc
1753 1795 1882 1831 nuncio,
1905 1793 1938 1824 &
1955 1802 2057 1823 ornnes
2078 1793 2155 1823 laetas
2178 1803 2210 1824 ac
2230 1793 2326 1832 longas
2347 1795 2425 1825 foeli-

1353 1833 1452 1862 citates
1469 1834 1579 1869 utrique
1597 1831 1749 1876 Sponso,a
1767 1832 1835 1862 Deo
1851 1832 1978 1869 Optimo
1994 1830 2132 1861 Maximo
2147 1841 2320 1870 exoptamus.

1392 1870 1513 1901 Duabus
1528 1869 1586 1900 istis
1602 1871 1724 1902 Familiis
1738 1881 1796 1902 tam
1813 1871 1871 1908 pias
1891 1869 2118 1908 Propinquitates
2129 1893 2138 1906 ‚
2155 1871 2188 1900 &
2207 1871 2350 1901 ambobus
2364 1871 2425 1903 istis

1353 1907 1533 1949 Conjugibus
1547 1917 1607 1939 tarn
1625 1909 1706 1940 firma
1725 1911 1759 1942 ὃς
1778 1909 1873 1940 saneta
1891 1909 2022 1946 vincula,
2046 1909 2133 1939 etiam
2151 1917 2233 1948 atque
2252 1909 2337 1940 etiam
2358 1919 2425 1948 gra-

1353 1947 1484 1978 tulamur.
1923 1961 1928 1966 -

2364 1997 2423 2025 quo

2345 2009 2423 2065 Dig-

1389 1986 1468 2018 Huic
1488 1995 1631 2025 exoptatae
1650 1985 1850 2023 coniunffioni
1871 1986 1891 2016 si
1907 1983 1974 2023 quid
1992 1994 2044 2014 nos
2061 1983 2169 2018 adferre
2188 1985 2339 2023 possumus

1354 2024 1428 2055 inter
1444 2027 1497 2056 lios
1518 2035 1610 2056 novos
1628 2033 1733 2063 nuptos
1750 2025 1796 2055 vel
1815 2025 1914 2061 augeri
1933 2023 2148 2060 benevolentia,
2167 2024 2211 2054 vel
2229 2025 2322 2064 augeri

1355 2064 1425 2094 nitas
1445 2064 1624 2103 queat,illud
1643 2063 1740 2095 sedulo
1756 2063 1896 2096 effectum
1914 2062 2087 2094 curabimus.
2113 2062 2212 2102 Deus,
2226 2063 2285 2094 &o
2304 2065 2333 2093 6.
2345 2063 2422 2096 Dec.

1356 2110 1441 2141 1554-

1520 2234 1652 2265 Domina
1677 2228 1803 2276 Isabellae
1819 2226 2035 2276 lldarchiomffe
2051 2227 2088 2262 de
2109 2230 2245 2275 Piscara.

1356 2314 1557 2374 CLariffima
1574 2317 1609 2349 P.
1627 2314 1832 2355 exoptatissima
1850 2314 1887 2345 C.
1909 2315 2057 2346 Laetitiam
2073 2314 2153 2346 illam
2172 2324 2208 2345 ve
2217 2313 2319 2354 stram,
2334 2326 2422 2357 quam

1425 2365 1560 2394 magnam
1584 2364 1745 2393 perceptam
1765 2354 1822 2385 effe
1839 2353 1935 2384 scribis
1953 2363 1987 2384 ex
2005 2353 2103 2384 vestris
2128 2355 2234 2392 nuptiis
2253 2377 2264 2393 ,
2287 2356 2336 2386 tibi
2348 2364 2422 2387 ‚tuo-

1356 2405 1410 2433 que
1429 2394 1608 2427 nobiliffimo
1623 2393 1750 2433 Conjugi
1769 2402 1804 2423 ex
1822 2394 1921 2422 animo
1939 2393 2120 2429 gratulamur.
2128 2392 2316 2424 Voluntatem
2333 2395 2422 2426 etiam

1357 2433 1481 2464 vestram
1496 2433 1636 2464 offerendi
1652 2433 1733 2462 nobis
1749 2439 1793 2462 tot
1809 2431 1842 2462 &
1857 2439 1931 2462 tanta
1948 2440 2039 2469 parata
2051 2430 2149 2462 officia
2165 2439 2340 2471 magnopere
2355 2442 2424 2470 pro-

1358 2472 1459 2503 bamus
1475 2495 1484 2510 ,
1508 2472 1685 2509 libenterque
1706 2469 1908 2508 amplexamur.
1947 2469 2082 2501 Nuncius
2105 2470 2190 2509 igitur
2214 2480 2273 2508 quo
2297 2470 2423 2503 vestrum

1357 2511 1391 2541 &
1409 2519 1467 2541 tarn
1485 2519 1616 2548 optatum
1634 2510 1814 2540 connubium
1831 2531 1840 2546 ,
1864 2509 1897 2540 &
1915 2516 1975 2539 tam
2000 2517 2169 2548 promptum
2190 2509 2424 2548 propositumque

1360 2549 1484 2580 studium
1501 2549 1695 2580 declarabatur
1717 2571 1727 2585 ,
1753 2547 1836 2578 nobis
1860 2546 2018 2577 admodum
2045 2556 2141 2584 gratus
2158 2547 2192 2577 &
2209 2555 2342 2586 acceptus
2360 2549 2424 2580 fuit.

1358 2587 1458 2626 ltaque
1479 2589 1619 2627 quantum
1638 2587 1733 2626 gaudii
1759 2587 1820 2617 baec
1848 2584 1938 2615 vestra
1954 2608 1963 2624 ,
1989 2595 2020 2617 ut
2041 2595 2172 2624 optamus
2188 2609 2198 2624 ‚
2219 2594 2350 2625 perpetua
2369 2596 2424 2617 vo-

1359 2626 1466 2665 luptas,
1486 2628 1519 2658 &
1539 2625 1685 2663 officiosa,
1705 2633 1736 2656 ut
1756 2625 1917 2662 speramus,
1934 2623 2042 2662 semper
2060 2624 2187 2655 voluntas
2208 2625 2295 2656 nobis
2315 2634 2422 2662 appot-

1358 2667 1445 2703 tavit‚
1463 2675 1539 2696 nunc
1556 2665 1672 2704 quidem
1694 2665 1796 2695 Literis
1815 2664 1848 2694 δε
1867 2662 2012 2701 sermone,
2032 2663 2078 2694 sed
2091 2663 2280 2700 opportunius
2295 2662 2328 2694 ali
2351 2673 2420 2694 uan-

1359 2705 1399 2735 do
1423 2714 1452 2734 re
1477 2712 1561 2743 atque
1580 2703 1682 2734 officio
1702 2704 1823 2733 libenter
1841 2701 2055 2733 declarabimus.
2098 2701 2198 2738 Deus,
2215 2701 2274 2732 &c.
2292 2702 2321 2731 6.
2375 2711 2425 2734 ec.

1359 2752 1447 2783 1554·

1357 2873 1489 2905 Dominae
1516 2866 1642 2911 lstzbellae
1657 2866 1787 2900 Colannae
1807 2887 1818 2903 ,
1853 2867 1983 2910 Principi
2011 2864 2193 2911 Sulmonensi
2204 2867 2241 2902 (ᾖν
2259 2863 2424 2910 ΜανεΙοέοή

1475 2918 1546 2963 mffz
1568 2919 1747 2950 Mantuanae
1758 2939 1767 2955 ,
1779 2914 1997 2960 Con-[sanguineae
2017 2912 2112 2956 noJlrae
2126 2911 2304 2956 chartffi'mae,

1357 3002 1577 3067 ILlustriffima
1597 3001 1629 3031 P.
1650 2999 1818 3031 Charissima
1845 2998 1882 3030 C.
1906 2997 2048 3037 Pergratae
2071 2998 2155 3029 nobis
2176 2998 2291 3029 fuerunt
2314 2997 2421 3029 Literae

1407 3043 1507 3074 vestrae
1526 3042 1575 3072 26.
1592 3040 1767 3079 Septembris
1786 3037 1912 3075 Neapoli
1931 3037 2022 3075 datae,
2037 3039 2139 3075 quibus
2154 3036 2254 3067 Vestra
2269 3036 2421 3067 Excellen-

1357 3084 1394 3113 tia
1410 3091 1469 3112 tam
1489 3089 1569 3120 grato
1586 3081 1685 3109 animo
1705 3079 1790 3109 nobis
1807 3078 1918 3114 nuptias
1933 3075 2042 3106 nostras
2070 3085 2137 3106 cum
2157 3075 2292 3106 Domino
2311 3073 2423 3113 Conju-

1357 3130 1448 3160 geque
1471 3118 1569 3150 nostro
1593 3116 1760 3149 chariffimo
1785 3116 1937 3146 celebratas
1954 3114 2144 3151 congratulata
2164 3113 2215 3143 est.
2250 3112 2323 3143 Hoc
2347 3122 2422 3143 con-

1355 3171 1385 3199 Ju
1410 3168 1468 3189 ium
1490 3158 1636 3194 nostrum,
1660 3165 1691 3188 ut
1709 3156 1852 3193 speramus
1869 3177 1878 3190 ‚
1904 3154 1936 3183 ὅ(
1959 3153 2027 3183 huic
2050 3151 2156 3191 Regno
2172 3152 2367 3195 fortunatum,
2381 3152 2421 3194 ¹&

1360 3198 1390 3229 C
1413 3198 1527 3228 ristiano
1545 3197 1656 3226 nomini
1673 3194 1806 3229 salutare,
1825 3194 1857 3223 &
1875 3191 1984 3222 Amicis
2002 3190 2102 3220 nostris
2119 3190 2257 3220 omnibus
2276 3189 2358 3233 ¹valde
2374 3199 2423 3228 Ju-

1361 3237 1512 3274 cundum,
1540 3235 1668 3265 futurum
1688 3232 1736 3263 est.
1777 3231 1862 3260 Hanc
1882 3231 1977 3268 itaque
1999 3228 2103 3259 Vesttae
2122 3227 2309 3271 Excellentiae
2339 3229 2372 3259 &
2395 3229 2426 3259 in

1362 3275 1509 3305 scribendo
1527 3271 1791 3307 humanitatem,&
1812 3271 1840 3298 in
1858 3266 2022 3308 gratulando
2042 3267 2273 3297 benevolentiam
2290 3266 2421 3297 summo-

1362 3324 1429 3351 pere
1446 3313 1647 3350 amplexamur.
1687 3308 1778 3347 Qiod
1801 3307 1926 3337 vestrum
1951 3305 2119 3344 praeclarum
2137 3303 2322 3342 studium,ut
2336 3305 2423 3343 laeto,

1364 3354 1392 3382 in
1410 3351 1561 3390 praesenti,
1583 3349 1738 3386 accipimus
1759 3347 1856 3376 animo
1872 3367 1881 3382 ,
1907 3344 1955 3374 hic
1979 3344 2075 3380 idem,
2093 3344 2122 3372 in
2141 3343 2305 3382 posterum,
2324 3352 2426 3374 mutuo

1363 3392 1446 3420 etiam
1466 3389 1563 3420 nostro
1585 3385 1833 3424 compensabimus
1852 3381 1954 3412 officio
1977 3403 1986 3418 ,
2024 3382 2255 3421 quandocunque
2275 3382 2360 3413 nobis
2379 3390 2428 3414 aut

1365 3428 1542 3466 gratificandi
1563 3425 1670 3457 Vestrae
1688 3422 1943 3457 Excellentiae,aut
1965 3420 2174 3450 commodandi
2189 3421 2234 3450 cui
2259 3429 2312 3458 ue,
2332 3420 2428 3451 vestro

1365 3469 1500 3505 nomine,
1523 3466 1576 3496 ulla
1597 3465 1660 3494 data
1673 3462 1866 3503 opportunitas
1878 3459 1966 3489 fuerit·
1994 3458 2092 3496 Deus,
2107 3459 2169 3489 &c.
2191 3467 2238 3489 ιο.
2286 3467 2429 3498 ec.1554.

1369 3607 1555 3654 Illpstriffimo
1578 3609 1614 3645 ὠ·
1639 3604 1752 3638 Βίίεὲἶο
1776 3600 1856 3634 nobis
1882 3603 1962 3633 Duri
1979 3599 2170 3646 Amalphiae,
2190 3602 2310 3646 Magno
2325 3599 2431 3647 Justi-

1452 3661 1544 3689 ciario
1559 3666 1595 3689 ac
1611 3656 1752 3698 Supremo
1771 3651 1951 3684 Cancellario
1966 3653 2109 3696 iirRegno
2127 3649 2334 3695 Mapolitano.

1375 3742 1505 3797 GRata
1525 3739 1565 3771 est
1582 3738 1664 3767 nobis
1679 3734 1940 3773 observantia‚qua
1957 3734 2123 3765 Dominum
2139 3732 2363 3777 Conjugemque
2379 3744 2434 3764 no-

1442 3780 1530 3809 strum
1554 3775 1749 3807 charissimum
1765 3777 1851 3813 colis,
1876 3774 1914 3804 Et
1932 3772 2104 3811 perjucunda
2121 3773 2207 3802 etiarn
2225 3771 2267 3801 est
2285 3773 2369 3803 nobis
2384 3774 2434 3803 be—

1375 3818 1551 3853 nevolentia,
1571 3814 1626 3853 qua
1644 3823 1695 3843 nos
1717 3814 1837 3853 quosque
1854 3812 1890 3842 sic
1910 3810 2091 3850 prosequeris.
2145 3847 2150 3853 ¹

1412 3856 1488 3886 Haec
1507 3854 1621 3892 officia,
1644 3862 1817 3892 quamquain
1835 3861 1884 3888 per
1903 3851 1930 3880 se
1947 3850 2065 3891 quidem
2082 3847 2164 3878 nobis
2183 3849 2358 3886 magnopere
2377 3848 2436 3889 pla..

1379 3903 1460 3931 cent,
1485 3892 1582 3923 eadem
1601 3901 1714 3928 tamen,
1737 3900 1795 3920 tam
1822 3889 1960 3926 frequenti
1981 3887 2134 3928 hominum
2147 3885 2182 3915 ad
2204 3895 2257 3917 nos
2276 3886 2366 3918 delata
2379 3888 2437 3918 ser-

1380 3942 1486 3969 mone,
1507 3932 1540 3962 &
1557 3940 1614 3960 tam
1633 3929 1799 3969 opportunis
1811 3927 1870 3956 hoc
1887 3933 2019 3962 tempore
2033 3922 2181 3966 fignificata
2196 3923 2324 3962 Litteris,
2340 3925 2436 3956 multo

1380 3971 1463 4003 nobis
1485 3971 1644 4006 acceptiora
1662 3969 1786 3999 fuerunt.
1805 3965 1905 4004 Qiatn
1923 3963 2011 3995 animi
2021 3960 2107 3992 vestri
2120 3961 2339 4007 propensionem
2355 3971 2439 4001 atque

1380 4009 1503 4042 studium
1514 4030 1523 4046 ,
1546 4009 1579 4041 &
1598 4017 1675 4038 nunc
1694 4006 1846 4046 probamus
1863 4001 2064 4039 vehementer,
2077 4000 2111 4032 &
2129 4000 2227 4033 nostra
2238 4000 2372 4040 deinceps
2385 4002 2442 4049 bo:

2403 4048 2445 4073 na
