2561 4263
82 188 158 230 252

0 263 66 296 i.D·
79 262 297 306 resignationem
312 258 443 290 Samuelis
457 257 566 294 Baker,
583 255 613 286 S.
624 255 665 285 T.
679 253 710 283 B.
724 251 816 283 modo
831 251 866 281 ad
883 249 1018 281 Gradum
1029 248 1147 278 Deilo-

0 314 42 344 39·

13 359 56 386 ¹5·

0 410 2 416 i
25 398 50 418 1.

0 537 42 568 18.

0 1282 39 1309 ¹6.

0 1591 32 1618 ¹5

2 2022 47 2050 ¹4¹

10 2788 54 2810 12.

10 3141 53 3161 at.

14 3477 63 3506 ³0.

83 311 158 333 ratus
173 311 201 331 in
218 311 249 331 ea
268 299 410 331 Facultate
423 295 552 333 admissi,
570 295 602 325 ὅ(
618 293 653 324 ad
668 292 796 322 nostram
816 290 1002 321 donationem
1017 287 1147 327 specstan-

90 350 216 410 ter'Teste
233 376 316 417 Rege
329 374 401 414 apud
418 369 696 412 lWstmomsterium,
713 367 853 400 vicesimo
865 367 950 397 tertio
968 363 1014 395 die
1029 364 1113 394 Maii.

576 449 630 477 Per
647 449 742 476 Breve
761 444 794 474 de
808 446 930 474 Privato
947 440 1049 479 Sigillo.

133 532 253 563 Herbert
262 527 428 565 Thorna'ike,
442 525 588 562 Clericus,
605 524 639 555 ad
648 521 836 553 Vicariam&
846 518 1002 550 Ecclesiam
1009 516 1160 556 parochia-

94 572 151 603 lem
166 572 200 600 de
216 567 391 608 cleybrooke,
407 567 436 596 in
452 565 600 596 Comitatu
621 561 785 600 Leicestrie,
804 561 837 591 &
859 558 1014 589 Provincie
1031 560 1159 600 cantua-

88 615 146 641 rien
158 621 197 645 is,
215 618 262 647 per
281 614 402 635 mortem
417 603 571 634 naturalem
588 601 681 632 ultimi
699 599 897 631 incumbentis
911 596 1019 627 ibidem
1032 605 1092 633 jam
1109 604 1159 624 va-

92 657 227 682 cantem,
254 645 287 676 &
309 644 342 674 ad
364 642 490 673 nostram
514 640 751 679 presentationem
769 639 857 677 pleno
876 637 940 675 jure
958 635 1156 673 spectantem,

91 687 129 718 Et
151 685 307 722 diriguntur
326 682 362 712 he
380 682 474 712 Litere
492 679 625 710 Gulielmo
658 674 1100 717 CantuarienfiArchiepiscopo,
1115 682 1159 702 ra-

92 734 169 757 tione
183 721 372 760 Suspensionis
386 719 522 759 Episcopi
535 721 624 749 Linco
636 720 690 747 nie.

126 759 215 793 Teste
232 760 314 800 Rege
324 758 401 798 apud
415 757 692 798 Westmonasterium,
712 754 856 787 tricesimo
872 752 918 785 die
933 754 1020 782 Maii.

579 836 633 865 Per
653 836 748 864 Breve
766 832 798 862 de
817 834 937 862 Privato
955 827 1056 867 sigillo.

128 914 273 954 Johannes
283 917 396 951 Donne,
416 910 565 950 Clericus,
588 911 666 948 Juris
675 911 776 942 Civilis
792 908 926 945 Doctor,
943 906 978 950 ad
992 905 1162 949 Redioriam

92 954 220 986 Ecclesie
246 953 410 991 parochialis
429 951 464 982 de
482 951 616 988 Fulbeck,
636 950 767 982 Diocesis
792 946 954 983 Lincolm'e,
968 954 1028 982 jam
1050 944 1086 975 de
1098 954 1163 981 jure

91 1001 263 1030 vacantem,
283 993 356 1024 &ad
373 991 498 1021 nostram
512 990 750 1028 presentationem
758 987 844 1028 pleno
857 988 916 1023 jure
930 984 988 1015 sive
1002 993 1051 1021 per
1069 983 1164 1023 pravi·-

96 1041 183 1063 tatem
191 1032 321 1062 Simonie
341 1030 536 1068 spectantem,
556 1028 594 1059 Et
603 1028 763 1066 diriguntur
777 1027 814 1056 he
823 1026 918 1056 Litere
926 1022 1058 1053 Gulielmo
1068 1045 1077 1061 ,
1090 1026 1164 1052 Can-

95 1071 228 1110 tuarienfi
245 1069 486 1108 ArchiepiscopO,
505 1069 612 1098 ratione
622 1066 814 1105 Suspensionis
828 1063 963 1102 Episcopi
975 1062 1125 1092 Lincolnie.

130 1109 220 1142 Teste
238 1109 321 1149 Rege
334 1108 411 1147 apud
428 1106 709 1148 Wstmonasterium,
726 1105 845 1136 decimo
860 1103 904 1133 die
920 1101 1015 1140 Junii.

577 1186 634 1216 Per
651 1186 745 1214 Breve
761 1182 795 1212 de
814 1184 937 1212 Privato
954 1178 1055 1217 sigillo.

134 1263 282 1294 Mattheus
299 1262 450 1301 Nicholas,
470 1262 506 1292 L.
524 1261 559 1292 L.
575 1261 607 1292 D
636 1261 669 1292 ὃς
685 1259 912 1297 capellanorum
937 1256 1023 1300 Regis
1039 1254 1164 1284 Ordina-

95 1304 203 1333 riorum
220 1313 309 1341 unuS,
327 1303 360 1333 ad
381 1303 566 1333 Decanatum
582 1300 710 1331 Ecclesie
725 1298 823 1330 nostre
844 1296 1020 1328 Cathedralis
1042 1291 1163 1331 Bristol,

93 1343 148 1380 jam
166 1352 212 1379 per
237 1351 363 1372 mortem
381 1341 536 1372 naturalem
555 1340 649 1370 ultimi
666 1339 779 1369 Decani
798 1337 909 1366 ib³dem
931 1342 1080 1365 vacantem
1096 1354 1105 1369 ,
1131 1333 1165 1362 &

93 1382 129 1412 ad
149 1382 275 1411 nostram
293 1381 480 1410 donationem
497 1380 584 1417 pleno
598 1379 657 1416 jure
673 1377 856 1414 speciantem.

133 1418 224 1451 Teste
242 1420 328 1459 Rege
340 1418 413 1458 apud
423 1416 684 1458 Wstmonaslerium
695 1438 705 1455 ,
723 1415 842 1446 decimo
858 1412 904 1443 die
921 1410 1017 1450 Junii.

586 1496 642 1524 Per
660 1496 754 1523 Breve
771 1492 805 1522 de
824 1492 945 1520 Privato
960 1486 1063 1525 sigillo.

134 1574 266 1604 Andreas
280 1574 379 1612 Clare,
397 1574 427 1605 S.
442 1572 483 1605 T.
499 1573 532 1603 P.
550 1581 624 1603 unus
644 1569 869 1609 Capellanorum
891 1564 1096 1610 precliarissimi
1116 1562 1167 1593 filii

97 1614 187 1643 nostri
204 1613 342 1650 Principis
356 1613 465 1651 Caroli,
484 1613 518 1643 ad
530 1612 702 1643 Retstoriam
719 1608 846 1639 Eccleiie
863 1605 1029 1644 parochialis
1043 1604 1078 1633 de
1093 1602 1168 1631 Wal-

97 1660 163 1689 ton,
182 1653 211 1682 in
228 1652 380 1683 Comitatu
401 1650 582 1691 Lancastrie,
602 1648 734 1680 Diocefis
749 1646 867 1686 Cestrie,
882 1646 941 1683 jam
966 1654 1015 1681 per
1038 1649 1165 1672 mortem

98 1691 254 1720 naturalem
278 1690 479 1721 Incumbentis
504 1690 594 1720 ultimi
611 1688 721 1718 ibidem
737 1693 888 1715 vacantem
906 1706 915 1720 ,
941 1684 974 1713 ὅ(
986 1682 1021 1725 ad
1041 1679 1168 1711 nostram

98 1730 332 1768 presentationem
349 1731 459 1760 ratione
480 1729 599 1758 minoris
619 1727 697 1757 etatis
712 1723 844 1754 Richardi
870 1721 996 1751 Domini
1023 1717 1169 1749 Moltneux

96 1768 220 1837 {Ero-[hac
232 1769 296 1798 vice
311 1767 505 1806 specstantem3
523 1766 562 1797 Et
569 1765 728 1805 diriguntur
741 1763 780 1794 he
796 1762 890 1792 Litere
905 1760 1030 1798 Johanni
1040 1781 1050 1796 ‚
1068 1756 1167 1796 Cestrie

150 1829 153 1834 .
169 1816 205 1837 co
226 1817 246 1837 ο

127 1816 225 1876 Ι’,Γετίίξ
241 1845 327 1884 Rege
343 1844 417 1883 apud
434 1840 698 1883 westmonasterium
708 1864 718 1880 ,
731 1839 851 1872 decimo
868 1846 968 1876 quarto
980 1836 1026 1867 die
1040 1834 1135 1874 Junii.

586 1921 641 1950 Per
659 1921 753 1949 Breve
770 1917 802 1947 de
822 1918 945 1948 Privato
964 1913 1066 1955 sigillo.

136 1999 298 2030 Willielmus
312 1998 434 2040 Peachy,
453 1997 602 2036 Clericus,
622 1996 657 2028 A.
676 1995 723 2027 M.
741 1994 775 2026 ad
792 1995 964 2027 Restoriam
980 1990 1106 2023 Ecclesie
1123 2000 1170 2028 pa-

100 2039 232 2070 rochialis
248 2040 284 2070 de
305 2039 479 2070 Tickencourt
493 2037 558 2069 alias
578 2037 765 2073 Tickingcote,
785 2034 917 2066 Diocesis
937 2029 1170 2075 Petriburgenfir,

96 2079 154 2116 jam
166 2086 335 2116 vacantem,
354 2087 403 2116 per
419 2085 545 2108 mortem
560 2075 717 2107 naturalem
734 2074 825 2104 ultimi
835 2073 1032 2105 Incumbentis
1050 2069 1171 2105 ibidem,

98 2117 133 2150 ὃ(
146 2117 180 2147 ad
194 2117 320 2147 nostram
339 2117 576 2155 presentationem
585 2115 697 2146 ratione
712 2113 831 2144 minoris
846 2112 922 2143 etatis
931 2109 1062 2141 Rishardi
1070 2113 1105 2136 W
1108 2111 1168 2144 ing-

90 2154 165 2196 field
179 2156 343 2196 Armigeri,
362 2165 414 2194 pro
429 2156 484 2186 hac
499 2155 562 2186 vice
579 2154 775 2192 spectantem,
795 2150 833 2182 Et
846 2151 1006 2181 diriountur
1022 2149 1060 2179 he
1075 2147 1171 2179 Litere

99 2194 247 2234 Johanni,
265 2196 301 2226 de
318 2194 414 2234 Burgo
429 2194 527 2224 Sanffi
538 2195 617 2223 Petri
631 2192 695 2222 alias
711 2174 921 2231 petriburgenst’
926 2189 1079 2227 Episcopo.

137 2233 227 2266 Teste
242 2234 324 2273 Rege
337 2233 412 2272 apud
429 2231 707 2273 Wqstmonasterium,
723 2229 841 2260 decimo
857 2237 960 2268 quarto
974 2228 1020 2259 die
1036 2226 1132 2269 Junii.

591 2310 647 2340 Per
664 2311 757 2340 Breve
774 2307 807 2337 de
824 2308 947 2338 Privato
965 2303 1067 2343 sigillo.

142 2388 303 2419 Edwardus
320 2391 453 2419 Mor-ton.
473 2386 503 2419 S.
514 2386 559 2418 T.
571 2385 606 2416 P.
621 2385 657 2417 ad
671 2385 845 2417 Red‘toriam
865 2383 990 2415 Ecclesie
1004 2379 1173 2423 parochialis

102 2426 139 2459 de
148 2428 262 2466 Seston,
280 2429 310 2458 in
323 2427 477 2458 Comitatu
492 2424 673 2465 Lancastrie,
692 2424 825 2455 Diocesis
837 2423 951 2462 cestrie,
958 2422 1019 2460 jam
1034 2430 1083 2459 per
1094 2429 1174 2449 rnor-

103 2475 163 2498 tem
190 2467 345 2497 naturalem
365 2466 460 2497 ultimi
476 2465 676 2496 incumbentis
695 2463 803 2494 ibidem
824 2471 990 2498 vacantem,
1017 2461 1050 2491 &
1067 2459 1102 2489 ad
1118 2468 1173 2488 no-

103 2506 190 2536 stram
207 2505 444 2544 presentationem
460 2505 568 2535 ratione
579 2503 701 2533 minoris
714 2503 795 2533 etatis
811 2501 943 2531 Richardi
965 2499 1087 2529 Domini
1107 2500 1174 2526 Mo-

102 2544 213 2582 lineux,
231 2554 282 2581 pro
285 2544 360 2612 gaes
369 2545 434 2574 vice
451 2542 644 2583 spectantem,
663 2540 702 2572 Et
713 2541 876 2578 diriguntur
892 2540 930 2570 he
946 2539 1043 2570 Litere
1057 2536 1174 2576 Johan-

105 2588 134 2613 ni
169 2588 206 2613 Ce
229 2587 269 2612 rie
333 2584 340 2612 i
354 2592 391 2612 co
412 2592 442 2613 o.

139 2606 198 2654 '’I'ei
213 2632 228 2653 e
248 2593 333 2660 Regg
346 2592 420 2660 apupd
434 2617 695 2660 Wstmonasterium
704 2642 714 2657 ,
732 2618 851 2649 decimo
864 2624 966 2657 quarto
982 2614 1029 2647 die
1043 2614 1135 2654 Junii.

590 2699 645 2727 Per
666 2699 761 2726 Breve
778 2694 811 2725 de
829 2696 951 2725 Privato
969 2691 1070 2732 Sigillo.

142 2775 290 2815 Johannes
298 2775 401 2814 Hales,
417 2774 534 2806 s.T.}3.
547 2774 581 2804 ad
589 2773 803 2803 Canonicatum
817 2771 873 2802 five
881 2770 1062 2802 Prebendam
1075 2779 1178 2808 quarn-

107 2824 221 2854 cunque
235 2838 244 2853 ,
270 2815 300 2844 in
324 2814 450 2844 Ecclesia
468 2813 564 2844 nostra
586 2811 749 2851 Collegiata
772 2811 828 2841 sive
847 2810 936 2840 libera
953 2807 1069 2848 Capella
1081 2809 1176 2838 nostra

108 2853 198 2894 Regia
209 2855 304 2883 Sane‘i‘i
312 2856 418 2890 Georgii
427 2875 437 2890 ,
452 2852 528 2881 infra
536 2849 670 2881 Castrum
680 2849 809 2880 nostrum
825 2850 860 2879 de
876 2848 1083 2886 Windsor,per
1098 2857 1175 2877 mor-

103 2901 164 2924 tem
174 2893 326 2924 naturalem
342 2892 435 2922 ultimi
452 2891 594 2921 Canonici
612 2889 668 2920 sive
678 2888 861 2919 Prebendarii
878 2887 985 2917 ibidem
997 2887 1058 2925 jam
1073 2894 1176 2916 vacan-

104 2942 164 2966 tem
174 2955 183 2970 ,
205 2934 239 2964 &
258 2931 275 2949 '¹¹
291 2930 326 2961 ad
341 2929 470 2960 nostram
485 2929 669 2959 donationem
686 2928 772 2965 pleno
783 2928 845 2965 jure
860 2926 1042 2966 speciantem.

140 2972 232 3003 Teste
242 2969 328 3009 Rege
342 2969 415 3009 apud
428 2966 702 3008 Wellmonasterium,
721 2966 838 2997 decimo
851 2965 974 3003 septimo
989 2964 1035 2994 die
1047 2962 1143 3002 Junii.

594 3046 647 3075 Per
666 3047 760 3074 Breve
779 3041 811 3072 de
831 3044 952 3072 Privato
969 3040 1071 3079 Sigillo.

140 3126 322 3163 Beniaminus·
340 3127 454 3163 Lanye,
472 3123 503 3155 S.
516 3122 556 3153 Τ.
575 3123 609 3154 P.
627 3121 661 3153 ad
676 3122 817 3152 decimam
839 3118 1019 3150 Prebendam
1040 3117 1096 3149 sive
1118 3115 1177 3147 Ca-

105 3166 292 3202 nonicatum,
312 3163 382 3194 infra
400 3163 555 3194 Ecclesiam
580 3160 705 3191 nostram
721 3159 914 3196 Collegiatam
935 3160 1033 3188 Sam‘i‘i
1053 3159 1132 3186 Petri
1147 3158 1177 3186 in

108 3203 356 3241 liestmonalisrio,
374 3203 466 3232 modo
478 3210 627 3231 vacantem
637 3224 647 3238 ,
656 3209 704 3237 per
717 3199 946 3236 deprivationem
956 3197 1047 3227 ultimi
1059 3195 1176 3226 Incum-

108 3243 201 3272 bentis
217 3241 340 3279 ejusdem
355 3263 366 3280 ,
394 3241 428 3272 ἃ
448 3240 483 3272 ad
499 3238 625 3270 nostram
648 3238 837 3269 donationem
862 3236 949 3275 pleno
969 3237 1027 3273 jure
1052 3235 1179 3275 spectan-

109 3289 236 3349 ter{feste
255 3317 338 3358 Rege
356 3316 431 3356 apud
450 3314 729 3356 Wllmonasterium,
746 3313 865 3344 decimo
880 3321 962 3343 nono
978 3311 1025 3342 die
1043 3312 1134 3351 Junii.

591 3393 646 3422 Per
665 3393 760 3421 Breve
782 3390 815 3420 de
834 3391 956 3421 Privato
973 3388 1074 3428 Sigillo.

149 3471 305 3503 Ludovicus
325 3471 448 3509 Wams,
465 3471 494 3502 S.
511 3469 552 3501 T.
568 3468 603 3500 P.
628 3469 662 3500 &
683 3467 909 3506 Capelianorum
943 3465 1032 3504 Regis
1055 3465 1178 3496 Ordina-

112 3511 220 3543 riorum
237 3519 327 3546 unuS,
346 3510 379 3539 ad
402 3511 567 3541 Rectoriam
586 3507 711 3538 Ecclesie
727 3505 892 3544 parochialis
913 3505 949 3535 de
967 3503 1181 3542 Whethamsted,

112 3548 245 3581 Diocesis
261 3547 417 3586 Lincolnie,
429 3550 489 3587 jam
507 3558 556 3586 per
570 3546 798 3584 deprivationem
816 3542 1116 3574 ultimilncumbentis
1126 3543 1181 3571 ibi-

113 3589 183 3620 dem
197 3594 364 3622 vacantem,
382 3587 414 3616 &
431 3587 466 3617 ad
482 3587 608 3617 nostram
624 3584 862 3623 presentationem
874 3582 981 3612 ratione
989 3581 1182 3618 Suspenlionis

114 3626 249 3667 Episcopi
264 3625 421 3661 Lincolnie,
441 3635 493 3662 pro
508 3627 560 3655 hac
570 3626 634 3654 vice
649 3622 841 3663 speetantem,
859 3619 897 3650 Et
911 3619 1070 3657 diriguntur
1078 3620 1114 3649 he
1129 3619 1181 3648 Li-

114 3674 174 3697 tei-e
197 3661 347 3700 Gulielmo,
375 3663 568 3704 Cantuarienfi
585 3661 812 3700 Archiepiscopo
827 3682 837 3698 ,
860 3659 970 3690 ratione
993 3657 1184 3695 Suspenlionis

117 3703 254 3741 Episcopi
275 3700 426 3731 Lincolnie.

151 3740 241 3773 Teste
260 3739 342 3779 Rege
359 3738 433 3777 apud
452 3737 723 3777 westmonasterium,
741 3737 879 3770 vicesimo
890 3735 969 3766 sexto
983 3733 1028 3765 die
1041 3733 1137 3772 Junii.

651 3821 705 3848 Per
721 3821 814 3848 Breve
831 3816 864 3847 de
880 3819 1002 3847 Privato
1019 3813 1120 3852 sigillo.

157 3898 296 3938 Jeremias
311 3895 458 3934 Stephens,
477 3893 626 3934 Clericus,
643 3893 673 3924 S.
692 3894 732 3924 T.
750 3894 782 3925 B.
800 3894 834 3924 ad
853 3892 1031 3924 Prebendam
1047 3891 1083 3922 de
1097 3890 1180 3920 Bick-

114 3937 253 3978 Ieswade,
270 3937 300 3965 in
314 3934 439 3965 Ecclesia
452 3933 615 3964 Cathedrali
628 3933 771 3963 Lincolm'e
788 3933 957 3969 fundatam,
979 3932 1037 3969 jam
1063 3940 1113 3968 per
1129 3929 1178 3958 de-

114 3977 305 4015 privationem
321 3974 413 4003 ultimi
428 3971 625 4002 Incumbentis
639 3971 744 4001 ibidem
762 3980 914 4001 vacantem
926 3993 935 4005 ,
952 3970 984 4001 &
1002 3968 1037 3999 ad
1051 3968 1178 3998 nostram

114 4014 352 4053 presentationem
367 4012 477 4042 ratione
496 4010 689 4049 Suspensionis
704 4009 839 4048 Episcopi
863 4008 1024 4045 Lincolnie,
1050 4017 1102 4044 pro
1122 4006 1177 4035 hac

116 4054 180 4085 vice
195 4052 385 4092 specstantem3
410 4049 447 4084 Et
463 4049 621 4087 diriguntur
635 4047 673 4079 he
695 4047 789 4079 Litere
808 4046 941 4078 Gulielmo
958 4068 969 4085 ,
992 4047 1179 4076 Cantuarien-

567 154 1375 212 CONVENTIONES,

1451 151 1855 207 LITERAE,

1174 243 1204 284 fi
1223 242 1466 282 Archiepiscopo,
1482 243 1590 273 ratione
1604 241 1796 279 Suspensionis
1809 240 1945 278 Episcopi
1968 233 2118 270 Lincolnie.
2265 229 2344 268 Ann.
2358 233 2402 264 D.

1222 281 1312 313 Teste
1333 281 1417 321 Rege
1431 281 1506 319 apud
1526 280 1798 321 Waestmonasterium,
1816 280 1955 311 vicesimo
1971 289 2051 310 nono
2065 278 2112 309 die
2129 276 2221 316 Junii.
2297 273 2385 312 1639·

1675 359 1730 387 Per
1749 360 1842 387 Breve
1860 356 1892 386 de
1909 359 2032 387 Privato
2049 354 2149 395 Sigillo.
2269 318 2386 381 5:¹35?
2437 379 2441 385 .

1227 434 1360 478 Robertus
1375 433 1483 472 Jones,
1501 433 1649 471 Clericus,
1675 432 1713 464 A.
1731 432 1780 463 M.
1795 433 1830 464 ad
1852 433 2023 464 Rectoriam
2045 435 2079 465 &
2100 433 2258 464 Ecclesiam
2318 426 2346 457 8-

1193 473 1384 511 parochialem
1396 474 1432 502 de
1447 472 1674 510 Hawkechurch,
1691 472 1821 503 Diocefis
1830 471 1951 511 Bristol,
1968 483 2019 510 per
2035 482 2160 503 mortem
2176 482 2257 502 natu-

1193 511 1280 542 ralem
1296 510 1388 541 ultimi
1404 510 1603 541 Incumbentis
1619 510 1743 548 ejusdem
1756 511 1816 548 jain
1837 519 2008 549 vacantem,
2026 512 2060 542 δε
2073 512 2108 541 ad
2130 511 2258 541 nostram

1195 549 1430 588 presentationem
1444 550 1552 579 ratione
1566 549 1735 580 minoritatis
1751 549 1848 579 :thome
1864 553 1943 579 More
1962 550 2123 587 Armigeri,
2141 549 2194 580 hac
2214 551 2258 580 vi-

1194 598 1229 620 ce
1248 588 1439 627 spectantem,
1459 587 1496 618 Et
1514 586 1670 625 diriguntur
1684 587 1721 618 he
1738 588 1832 619 Litere
1845 589 1977 624 Roberto,
1991 591 2045 618 Bri
2069 587 2097 618 ol
2103 587 2259 628 Episcopo.

1233 627 1322 659 Teste
1344 626 1428 666 Rege
1447 625 1523 664 apud
1538 624 1815 665 westmonasterium,
1835 629 1937 665 quinto
1954 627 2001 658 die
2045 626 2102 657 ulii.

1676 704 1732 732 Per
1749 698 1844 733 Breve
1861 704 1893 734 de
1909 707 2031 735 Privato
2047 703 2151 742 Sigillo.

1233 782 1348 813 Carolus
1360 781 1537 821 Bamhrigge,
1556 780 1708 820 Clericus,
1726 779 1764 811 A.
1782 779 1830 810 M.
1846 780 1932 812 habet
1952 782 2060 813 Literas
2077 782 2210 814 Parentes
2228 781 2265 814 de
2280 782 2389 813 Pat.i5.

1197 822 1407 865 presentatione
1419 822 1455 852 ad
1471 821 1616 852 Vicariam
1632 820 1667 851 de
1680 822 1878 849 naver-court
1894 829 1965 849 cum
1980 822 2135 859 Harwich,
2153 821 2266 852 Dioce·
2276 822 2342 845 CM·
2352 824 2410 855 1-1-

1198 864 1232 891 lis
1249 862 1385 898 London,
1404 870 1453 899 per
1478 868 1604 891 mortem
1627 859 1719 890 ultimi
1735 857 1933 888 Incumbentis
1956 858 2065 889 ibidem
2083 862 2141 897 jam
2161 870 2266 891 vacan.
2283 856 2327 886 18.

1199 907 1278 937 tem,
1297 901 1330 930 &
1348 900 1384 930 ad
1405 899 1533 930 nostram
1553 897 1793 936 presentationem
1813 897 1901 935 pleno
1918 896 1981 934 jure
2001 897 2199 938 spe&antem3
2226 899 2266 931 Et

1198 938 1357 977 diriguntur
1376 939 1414 969 he
1429 938 1526 969 Litere
1540 937 1671 968 Patentes
1688 936 1863 967 Reverendo
1878 936 1908 964 in
1923 935 2044 965 Christo
2059 936 2135 967 Patri
2148 947 2182 968 ac
2196 937 2266 968 Do-

1201 979 1286 1008 mino
1303 976 1471 1015 Willielm0,
1490 975 1674 1014 permissione
1688 975 1789 1006 divina
1805 974 1926 1005 London
1943 974 2097 1012 Episcopo.

1220 1016 1331 1062 ..Teste
1345 1016 1430 1056 Rege
1446 1016 1521 1056 apud
1539 1013 1819 1054 westmonasterium,
1836 1013 1976 1045 vicesimo
1989 1013 2113 1053 septimo
2122 1013 2169 1045 die
2182 1017 2270 1045 Mar-

1200 1062 1244 1086 tn.

1306 1131 1458 1172 Confimiler
1477 1135 1592 1162 Literas
1611 1134 1746 1162 Patentes
1763 1130 1868 1162 habent
1888 1131 2004 1171 Perfine
2015 1129 2168 1170 ficbfiripte

1424 1171 1462 1206 &
1482 1171 1514 1200 de
1532 1173 1619 1201 Datis
1636 1175 1722 1201 etiam
1732 1171 1906 1211 ficbfiriptis,
1923 1170 2060 1202 videlicet.

1240 1247 1409 1279 Willielmus
1424 1247 1555 1286 Watfim,
1574 1246 1723 1283 Clericus,
1740 1247 1776 1278 ad
1795 1247 1967 1279 Re&oriam
1982 1248 2020 1279 de
2035 1246 2174 1286 Humber,
2193 1246 2271 1278 1)ἰοὸ

1202 1288 1271 1317 cesis
1287 1286 1464 1326 Herqfordie,
1485 1297 1531 1324 per
1546 1286 1761 1324 reiignationem
1774 1286 2071 1317 ultimiIncumbentis
2087 1287 2197 1317 ibidem
2209 1287 2272 1325 jam

1204 1335 1373 1365 vacantem,
1389 1328 1422 1357 &
1441 1326 1475 1355 ad
1495 1325 1622 1355 nostram
1642 1323 1879 1361 presentationem
1900 1326 1987 1362 pleno
1998 1325 2060 1363 jure
2081 1326 2277 1363 speciantem3

1205 1364 1244 1395 Et
1267 1364 1423 1402 diriguntur
1440 1365 1476 1394 be
1496 1364 1590 1394 Litere
1606 1365 1738 1400 Georgia,
1758 1362 1922 1403 Herefhrdie
1938 1363 2094 1402 Episcopo.

1242 1402 1333 1434 Teste
1351 1403 1434 1444 Rege
1446 1403 1522 1442 apud
1538 1400 1794 1442 Wefimonastert'um
1805 1425 1815 1439 ,
1834 1402 1973 1433 vicesimo
1985 1402 2032 1432 die
2048 1404 2163 1432 Martii.

1245 1480 1397 1511 Niiholaus
1421 1480 1586 1519 Langfhrd,
1616 1479 1769 1517 Clericus,
1793 1477 1832 1510 A.
1853 1478 1903 1509 M.
1926 1479 1962 1511 ad
1984 1477 2133 1510 Vicariam
2154 1478 2191 1508 de
2216 1476 2281 1508 Sal-

1198 1519 1287 1562 ford,
1308 1521 1440 1551 Diocesis
1455 1518 1613 1556 Liizcolnie,
1638 1519 1695 1555 jam
1714 1518 1844 1559 legitime
1863 1519 1897 1549 ὃς
1919 1519 1955 1549 de
1973 1519 2031 1556 jure
2050 1526 2219 1555 vacantem,
2244 1517 2279 1547 &

1207 1560 1241 1590 ad
1261 1559 1385 1590 nostram
1401 1559 1641 1597 presentationem
1657 1566 1704 1594 per
1717 1557 1827 1594 lapsum
1850 1558 1990 1594 temporis
2012 1557 2069 1587 five
2087 1567 2137 1595 per
2155 1556 2280 1593 pravita—

1208 1608 1267 1630 tem
1284 1598 1433 1636 Simonie,
1451 1599 1506 1628 hac
1527 1598 1593 1627 vice
1609 1595 1804 1633 spectantem,
1823 1594 1860 1624 Et
1875 1594 2034 1633 diriguntur
2049 1590 2087 1624 he
2097 1595 2192 1626 Litere
2209 1592 2280 1622 Wil-

1208 1636 1314 1706 {elmof
1332 1635 1528 1676 Cantuarienfi
1539 1633 1787 1671 Archiepiscopo,
1806 1633 1916 1664 ratione
1934 1633 2130 1672 Suspensionis
2144 1632 2281 1671 Episcopi

1238 1685 1294 1704 171ίο
1306 1687 1358 1704 nle-

1246 1713 1336 1744 Teste
1347 1713 1430 1752 Rege
1445 1712 1521 1751 apud
1537 1709 1798 1750 Wstmonallerium
1808 1732 1818 1749 ,
1838 1710 1977 1741 vicesimo
1990 1710 2113 1748 septimo
2127 1709 2173 1740 die
2194 1706 2280 1739 Mar—

1214 1755 1258 1782 tii.

1251 1828 1378 1859 Michael
1390 1828 1514 1858 Nicholls
1524 1851 1533 1867 ,
1551 1826 1696 1865 Clericus,
1712 1825 1750 1857 A.
1760 1823 1806 1857 Μ.
1823 1825 1858 1856 ad
1874 1824 2046 1856 Reetoriam
2060 1826 2097 1856 de
2115 1825 2288 1864 Dexthorpe,

1211 1868 1342 1899 Diocelis
1361 1868 1524 1905 Lincolnie,
1550 1877 1598 1904 per
1616 1874 1743 1897 mortem
1765 1866 1860 1896 ultimi
1879 1864 2078 1895 Incumbentis
2096 1865 2204 1895 ibidem
2220 1865 2283 1902 jam

1209 1917 1380 1945 vacantem,
1397 1908 1429 1937 &
1446 1907 1480 1937 ad
1500 1906 1626 1937 nostram
1646 1905 1889 1943 presentationem
1913 1904 1999 1941 pleno
2011 1904 2074 1941 jure
2090 1904 2278 1941 speetantem.

1211 1945 1249 1976 Et
1267 1948 1427 1985 diriguntur
1447 1946 1483 1976 he
1509 1945 1604 1976 Litere
1623 1943 1794 1982 Willielmo,
1824 1942 2017 1982 cantuarienfi
2037 1942 2281 1984 Archiepiscopo,

1210 1986 1272 2017 &c.
1291 1988 1400 2016 ratione
1425 1983 1618 2022 Suspensionis
1635 1982 1772 2022 Episcopi
1791 1981 1943 2012 Lincolnie.

1246 2024 1336 2055 Teste
1349 2024 1435 2061 Rege
1450 2023 1525 2062 apud
1542 2021 1803 2063 Westmonasterium
1812 2043 1822 2059 ,
1837 2020 1976 2052 vicesimo
1989 2019 2035 2051 die
2048 2023 2163 2052 Martii.

1248 2100 1402 2133 Nicholaus
1416 2104 1498 2140 Day,
1517 2099 1667 2137 Clericus,
1686 2099 1722 2130 Α.
1735 2098 1782 2130 Μ.
1794 2098 1830 2130 ad
1844 2097 1988 2129 Vicariam
2002 2098 2039 2129 de
2055 2097 2288 2139 Ewarby,Dio-

1212 2143 1280 2174 cesis
1287 2140 1444 2179 Lincolnie,
1463 2150 1513 2177 per
1528 2148 1655 2171 mortem
1672 2138 1765 2169 ultimi
1776 2137 1974 2169 Incumbentis
1987 2138 2097 2169 ibidem
2106 2138 2168 2177 jam
2183 2147 2287 2169 vacan-

1211 2191 1291 2220 tem,
1306 2182 1339 2212 &
1354 2179 1388 2210 ad
1404 2178 1529 2210 nostram
1549 2178 1784 2218 presentationem
1799 2177 1886 2215 pleno
1897 2177 1962 2215 jure
1975 2177 2164 2214 spectantem.
2188 2177 2228 2208 Et
2242 2178 2288 2208 di-

1211 2223 1341 2289 riguum}
1361 2215 1921 2288 1κίῐὸἓίῑῇἰψῖἶίιιηεζῃὲἰθεαηιιιανὶεηβ
1941 2215 2149 2255 Archiepisco,
2175 2217 2285 2248 ratione

1212 2259 1436 2346 SugpffigoRnege
1449 2267 1821 2336 {pudeestmonasterium,
1839 2293 1979 2326 vicesimo
1993 2293 2121 2325 secundo
2135 2293 2182 2325 die
2198 2296 2284 2325 Mar-

1212 2345 1257 2369 tii.

1250 2413 1378 2445 Michael
1390 2417 1509 2452 Bennet,
1527 2413 1661 2445 Clericus
1703 2413 1738 2444 ad
1757 2410 1926 2443 Recioriam
1943 2410 1980 2442 de
2003 2410 2118 2451 Yardley
2137 2410 2286 2450 Hastings,·

1212 2453 1276 2485 alias
1293 2453 1407 2494 Yardley
1421 2465 1478 2483 cum
1493 2453 1641 2491 Hastingr,
1659 2435 1789 2482 lfiiocefis
1805 2451 2037 2495 Petriburgenfis,
2058 2460 2106 2488 per
2120 2452 2283 2488 promotio-

1213 2503 1279 2524 nem
1288 2492 1434 2531 Johannis
1447 2496 1573 2530 Towres,
1591 2492 1621 2522 S.
1631 2491 1672 2522 T.
1689 2491 1722 2521 P.
1737 2490 1773 2521 ad
1789 2489 1994 2535 Episcopatum
2008 2488 2280 2528 Petriburgenfim,*
2299 2491 2319 2512 0
2347 2490 2417 2523 xxg

1213 2532 1437 2600 vacmitfim,ff
1450 2532 1484 2575 ad
1504 2530 1629 2575 nostram
1645 2529 1960 2599 presgntationemEiurde
1979 2529 2166 2572 ‚Pretogative
2184 2527 2283 2572 Coro-
2306 2531 2372 2570 389.

1213 2580 1371 2648 3⁰01.ssssan
1381 2569 1849 2646 pessffiieussifnssizepifffipfff'oem²
1903 2576 1914 2598 t
1955 2576 2103 2606 “gumms
2128 2567 2164 2597 hc
2187 2566 2286 2598 ιω

1235 2648 1342 2694 ⁴'Teste
1365 2647 1447 2687 Rege
1468 2647 1542 2687 apud
1565 2645 1827 2687 Wstmonasterium
1843 2668 1854 2684 ,
1877 2644 1996 2675 decimo
2016 2643 2094 2675 sexto
2109 2643 2156 2674 dle
2174 2643 2292 2681 Janua-

1214 2698 1260 2718 rit.

1249 2764 1371 2804 Jacobus
1384 2763 1517 2801 Starkey,
1534 2761 1682 2799 Clericus,
1705 2760 1743 2791 A.
1760 2758 1808 2791 M.
1826 2758 1861 2790 ad
1879 2758 2051 2790 Rectoriam
2065 2757 2101 2789 de
2115 2758 2287 2789 Northmea-

1214 2804 1271 2842 les,
1291 2804 1422 2834 Diocesis
1437 2801 1577 2841 Cestrenfis
1592 2823 1602 2838 ,
1628 2801 1691 2837 jam
1716 2800 1854 2837 legittime
1870 2799 1902 2828 &
1921 2798 1956 2828 de
1968 2797 2032 2835 jure
2052 2807 2202 2828 vacantem
2214 2823 2224 2837 ,
2252 2800 2286 2829 &

1214 2843 1249 2873 ad
1265 2841 1390 2872 nostram
1417 2841 1656 2878 presentationem
1674 2847 1724 2875 per
1747 2838 1852 2875 lapsum
1875 2837 2026 2875 temporis,
2051 2836 2108 2866 sive
2132 2846 2180 2874 per
2194 2839 2289 2874 pravi-

1215 2890 1303 2912 tatem
1321 2880 1453 2910 Simonie
1469 2880 1521 2909 hac
1537 2879 1602 2910 vice
1617 2877 1810 2915 spectantem,
1827 2874 1867 2906 Et
1881 2876 2040 2914 diriguntur
2059 2875 2096 2906 he
2117 2875 2216 2906 Litere
2231 2875 2290 2916 Jo-

1214 2920 1317 2956 hanni,
1337 2917 1467 2957 Cestrenfi
1477 2917 1630 2956 Episcopo.

1252 2958 1340 2989 Teste
1362 2957 1444 2996 Rege
1461 2957 1537 2995 apud
1553 2953 1836 2994 Wstmonasterium,
1852 2952 1960 2984 octavo
1978 2951 2025 2983 die
2038 2951 2160 2992 Aprilis.

1254 3034 1418 3065 Edwardus
1433 3033 1542 3071 Corbet,
1561 3032 1709 3070 Clericus,
1728 3031 1765 3062 A.
1785 3029 1833 3061 M.
1852 3029 1887 3060 ad
1909 3028 2079 3060 Redloriam
2096 3030 2132 3060 de
2153 3027 2291 3066 Kenchesi

1215 3082 1277 3112 ter,
1296 3073 1429 3104 Diocelis
1442 3072 1624 3112 Herefordie,
1645 3081 1693 3110 per
1711 3079 1839 3101 mortem
1855 3069 1947 3099 ultimi
1962 3067 2163 3099 Incumbentis
2177 3068 2287 3097 ibidem

1215 3115 1273 3151 jam
1287 3122 1458 3150 vacantem,
1473 3113 1506 3143 &
1527 3112 1560 3143 ad
1578 3110 1706 3141 nostram
1720 3109 1956 3147 presentationem
1975 3107 2061 3144 pleno
2075 3107 2138 3147 jure
2158 3104 2289 3142 spectan-

1217 3162 1294 3189 temz,
1315 3151 1352 3182 Et
1367 3152 1524 3190 diriguntur
1538 3151 1573 3181 he
1589 3150 1685 3180 Litere
1704 3151 1834 3185 Georgio,
1850 3145 2014 3184 Herefordie
2027 3144 2182 3181 Epiicopo.

1252 3190 1343 3221 Teste
1356 3189 1441 3229 Rege
1456 3189 1531 3227 apud
1546 3187 1806 3230 Wfflmonastcrium
1816 3209 1825 3224 ,
1845 3185 1961 3215 decimo
1976 3183 2022 3213 die
2039 3182 2159 3220 Aprilis.

1257 3266 1419 3298 Edwardur
1437 3266 1573 3298 Lambert
1586 3289 1596 3305 ,
1612 3265 1762 3300 Clericus,
1781 3262 1817 3292 A.
1832 3261 1879 3291 M.
1895 3259 1930 3290 ad
1947 3258 2094 3302 Vicariam
2110 3257 2147 3289 de
2162 3257 2291 3298 Wston,

1218 3304 1351 3335 Diocefis
1370 3305 1530 3343 Lincolnie,
1556 3314 1605 3343 per
1629 3311 1756 3334 mortem
1772 3300 1864 3330 ultimi
1886 3297 2084 3328 Incumbentis
2105 3298 2213 3328 ibidem
2226 3298 2289 3337 jam

1217 3352 1386 3383 vacantem,
1401 3346 1434 3376 &
1456 3345 1489 3375 ad
1515 3343 1639 3375 nostram
1657 3340 1893 3379 presentationem
1914 3336 2001 3374 pleno
2013 3336 2077 3374 jure
2094 3336 2290 3375 spectantem3

1219 3381 1259 3412 Et
1280 3382 1439 3421 diriguntur
1462 3384 1499 3413 he
1524 3382 1621 3413 Litere
1644 3377 1814 3414 Willielmo,
1837 3374 2030 3414 cantuarienfi
2048 3375 2291 3414 Archiepiscopo,

1217 3420 1278 3450 &c.
1297 3423 1402 3459 ratione
1417 3420 1607 3462 Suspensionis
1622 3417 1754 3458 Episcopi
1772 3414 1922 3445 Lincolnie.
2117 3449 2121 3451 ι

1254 3458 1345 3490 Teste
1360 3459 1442 3501 Rege
1456 3459 1532 3498 apud
1545 3455 1820 3496 Wqssmonasterium,
1840 3452 1997 3484 undecimo
2011 3451 2060 3483 die
2074 3451 2192 3492 Aprilis.

1255 3535 1407 3568 Richardus
1422 3539 1522 3573 Love,
1539 3534 1575 3566 ad
1598 3531 1771 3563 Rectoriam
1789 3530 1825 3561 de
1844 3528 2066 3568 Barleborough,
2085 3527 2214 3560 Diocesis
2235 3532 2288 3560 Co-

1218 3579 1331 3604 ventrie
1351 3576 1389 3610 ὠ
1409 3573 1563 3613 Lichenfis‚
1580 3573 1641 3610 jam
1668 3570 1804 3608 legittime
1822 3569 1856 3600 ὃς
1877 3568 1914 3599 de
1926 3570 1987 3607 jure
2005 3577 2172 3605 vacantem,
2190 3568 2225 3598 &
2247 3568 2284 3599 ad

1218 3612 1347 3645 nostram
1368 3615 1604 3654 presentationem
1620 3619 1669 3647 per
1685 3610 1852 3647 pravitatem
1867 3607 2013 3645 Simonie,
2031 3606 2088 3637 five
2110 3615 2159 3643 per
2174 3605 2283 3645 lapsum

1218 3655 1372 3690 temporis,
1396 3653 1452 3683 sive
1464 3652 1521 3681 alio
1536 3657 1710 3688 quocunque
1733 3646 1822 3677 modo
1844 3646 2037 3684 spe&anrem;
2074 3643 2111 3675 Et
2123 3644 2284 3684 diriguntur

1218 3689 1257 3718 he
1275 3689 1370 3723 Litere
1384 3691 1517 3727 Roberto,
1534 3690 1684 3718 Coventrie
1700 3683 1738 3720 ὠ
1754 3685 1892 3724 Lichensts
1907 3684 2060 3723 Episcopo.

1255 3728 1346 3760 Teste
1362 3729 1445 3767 Rege
1460 3727 1533 3765 apud
1549 3725 1828 3765 Westmonasterium,
1845 3725 1963 3755 decimo
1980 3722 2026 3753 die
2040 3720 2159 3760 Aprilis.

1256 3805 1416 3836 Nathaniel
1427 3803 1572 3842 Croocher,
1587 3802 1733 3840 Clericus,
1754 3802 1789 3833 L.
1809 3802 1841 3831 L.
1857 3801 1888 3832 Β.
1907 3799 1944 3831 ad
1961 3798 2127 3829 Rectoriam
2147 3797 2184 3828 de
2206 3800 2281 3830 Gat-

1218 3850 1283 3883 ton,
1303 3844 1431 3876 Diocefis
1445 3845 1606 3880 Wintonie,
1616 3843 1676 3881 jam
1691 3843 1728 3872 de
1735 3843 1800 3880 jure
1808 3848 1967 3875 vacantem,
1985 3837 2018 3866 &
2032 3836 2065 3866 ad
2081 3836 2206 3867 nostram
2217 3848 2282 3877 pre-

1218 3883 1405 3914 sentationem
1433 3892 1482 3919 per
1502 3882 1607 3920 lapsum
1634 3882 1785 3920 temporis,
1806 3879 1862 3908 sive
1879 3887 1927 3914 per
1944 3883 2107 3913 pravitatem
2131 3876 2282 3916 Simonie,

1219 3921 1275 3952 sive
1289 3923 1344 3953 alio
1362 3931 1536 3960 quocunque
1561 3921 1652 3950 modo
1672 3919 1867 3956 spectantem3
1895 3914 1932 3944 Et
1953 3914 2110 3952 diriguntur
2126 3914 2162 3944 he
2184 3915 2282 3946 Litere

1219 3959 1358 3997 Waltero,
1376 3962 1520 3989 Wintonie
1538 3958 1690 3997 Episcopo.
2244 3962 2247 3965 “

1255 3998 1345 4031 Teste
1367 3997 1451 4039 Rege
1473 3997 1548 4037 apud
1568 3992 1840 4035 Wstmonasterium,
1865 3990 2001 4023 vicesimo
2019 3989 2145 4022 secundo
2165 3991 2211 4022 die
2229 3993 2279 4021 Α·

1212 4039 1301 4082 Ρήω.
2159 4066 2276 4097 Richar-
