2561 4263
194 79 250 121 70
572 48 2011 101 SYLLABUsSEUINDEX

217 150 246 186 .>

219 188 247 213 ο

1375 138 1403 212 ’''v'

1499 140 1526 163 V

356 177 384 213 ’νῦ
1376 176 1402 200 U
1499 177 1526 204 7⁵

356 216 363 224 ⁸
461 224 503 251 De
524 220 672 248 Condue‘tu
693 227 743 255 pro
767 217 880 244 Decano
903 214 1054 243 Cathanen.
1073 216 1100 243 δε
1127 214 1225 243 Archi·
1498 209 1506 215 “
1611 210 1752 248 johannes
1768 212 1872 239 Comes
1888 213 1984 239 oxon.
2000 211 2068 248 petit
2085 210 2237 239 Licentiam
2253 220 2304 248 pro
2320 211 2379 239 Na-

497 260 612 287 diacono
631 256 807 283 Abordonen.
826 255 858 289 de
875 254 976 282 Scotia.
1191 263 1225 289 30
1652 250 1679 278 vi
1696 249 1741 276 sua
1756 249 1860 277 velandi
1874 249 1906 277 ad
1927 250 2060 277 Sandtum
2076 249 2227 287 jacobum.
2343 250 2380 283 78

464 300 514 325 Pro
535 297 668 333 Angerot.
687 294 721 322 de
737 294 838 321 Saneto
858 294 956 325 Petro,
976 291 1009 318 de
1026 291 1225 319 Confirmatio·
1614 289 1659 316 De
1684 288 1806 316 Licentia
1831 289 1943 316 Andreae
1966 287 2059 325 Ogard
2083 289 2206 316 conceffa
2233 289 2265 316 ad
2288 287 2383 326 prose.

499 343 542 362 ne.
1193 339 1224 366 31
1652 327 1794 365 quendum
1810 326 1875 362 Jura
1892 325 1939 353 sua
1953 326 1981 353 iri
1998 325 2091 353 Dacia.
2344 335 2382 362 79

464 374 514 400 Pro
539 370 657 401 Abbate‚
679 370 829 398 Conventu
853 371 881 398 &
905 368 1097 397 Habitantibus
1112 368 1144 395 de
1161 369 1225 395 Sor·
1599 371 1601 390 l
1616 365 1668 392 Pro
1690 367 1767 393 Duce
1788 365 1910 393 Eborum
1922 385 1929 395 ,
1953 364 1985 391 de
1999 363 2121 391 Licentia
2135 363 2317 402 prosequendi
2330 375 2384 404 pro

499 411 568 440 dua,
588 409 620 435 de
637 408 749 436 Auxilio
767 407 905 435 concesso.
1193 415 1225 443 32
1653 403 1719 440 Jure
1745 403 1793 431 suo
1822 403 1898 441 quod
1918 403 1946 431 in
1965 401 2093 431 Absentia
2110 401 2157 429 sua
2173 402 2201 429 in
2221 404 2330 432 Francia
2350 413 2382 431 u·

466 451 517 476 Pro
541 445 687 474 Willielmo
705 448 789 474 Stone
805 445 952 483 Praeposito
968 445 1063 473 Baion.
1080 446 1113 473 de
1128 454 1226 472 exem·
1650 441 1802 478 surpatum.
2343 442 2379 469 80

499 485 658 523 plificando.
1192 492 1225 520 33
1617 479 1670 508 Pro
1687 479 1815 517 Johanne
1832 480 1960 518 Lynham
1978 478 2106 511 Clerico,
2126 479 2159 506 de
2175 479 2382 509 Pardonatione.

466 527 505 552 De
528 523 731 551 Commiss‘ariis
751 522 943 561 appundfflatis
967 532 1017 560 pro
1036 530 1138 550 mutuo
1155 522 1227 559 Regi
2345 519 2379 546 81

499 561 669 591 solicitando.
1193 571 1228 598 34
1614 556 1658 583 De
1676 555 1803 584 Generali
1819 559 1965 585 Attornatu
1980 567 2030 594 pro
2050 557 2130 584 Duce
2147 555 2283 585 Eborum.
2345 557 2381 586 82

1615 595 1668 622 Pro
1684 596 1799 633 Rogero
1814 596 1943 623 Domino
1958 596 1991 622 de
2005 596 2160 632 Cammoys
2173 595 2202 622 in
2219 595 2386 633 Captivitate

707 639 762 666 An.
782 648 827 666 21.
846 640 918 666 ch.
935 639 963 665 6.
1651 633 1779 665 detento,
1797 635 1830 663 de
1847 634 2038 661 Conceffione.
2347 634 2382 671 83

1618 671 1662 699 De
1677 672 1799 700 Licentia
1814 672 1968 700 traducendi
1986 673 2081 699 Lanas.
2347 672 2386 709 84

198 723 268 752 ²443
303 714 434 742 eren.6.
464 717 506 743 De
532 714 714 744 Relaxatione
737 725 787 753 pro
817 713 952 743 Cardinali
978 712 1085 753 Angliae
1113 715 1141 742 &
1160 712 1227 742 aliis.
1618 710 1661 737 De
1677 709 1745 738 salva
1760 712 1858 738 Gardia
1872 720 1922 747 pro
1940 710 2056 737 Dithero
2071 709 2104 737 de
2121 709 2296 748 Ysenburgh.
2347 711 2386 746 85

1194 761 1228 788 35
1617 749 1780 784 Ejusmodi,
1796 759 1847 787 pro
1864 750 2014 787 Capitaneo
2032 751 2058 777 δ’»
2072 747 2287 776 lnhabitantibus
2304 748 2385 778 Villae

463 794 505 820 De
526 793 676 821 Conduclru
698 801 749 831 pro
771 792 919 821 Secretario
944 792 1031 820 Ducis
1053 790 1228 829 Burgundiae.
1653 787 1685 815 de
1703 787 1828 815 Gensaco
1844 790 1870 816 ὃς
1889 787 2014 824 Johanne
2035 785 2211 814 Dencalham.
2345 787 2382 814 86

1194 831 1228 866 36
1617 827 1670 854 Pro
1696 827 1808 854 Comite
1826 826 2006 854 Defl'emond.
2030 826 2059 853 in
2077 824 2191 852 Hibern.
2210 823 2286 862 quod
2305 825 2383 862 quie-

464 868 619 905 Ejusmodi.
1194 877 1226 904 37
1653 872 1696 893 tus
1717 864 1800 892 fuerit
1820 864 1835 893 ὲ
1855 865 1989 893 veniendo
2008 864 2040 892 ad
2067 862 2242 891 Parliamenta
2257 884 2264 896 ‚
2295 866 2323 892 &
2351 864 2385 892 de

465 910 507 936 De
521 908 670 937 eonducta
688 917 739 945 pro
757 907 872 936 Nuncio
890 907 975 945 Regis
992 904 1123 935 Castellae.
1194 905 1228 942 38
1656 904 1779 931 Licentia
1798 904 1983 941 perquirendi.
2076 908 2082 911 '
2347 902 2383 937 87

466 948 507 974 De
523 946 698 974 Protectione
714 955 763 982 pro
783 946 896 974 Comite
912 946 994 973 d'Eu.
1193 954 1228 981 39
1616 943 1659 969 De
1682 943 1802 970 Licentia
1815 942 1970 971 traducendi
1989 941 2191 979 Peregrinantes
2208 941 2239 968 ad
2249 941 2383 968 Sanctum

467 987 507 1013 De
537 985 688 1014 ConduCtu
714 994 764 1021 pro
783 984 930 1013 Secretario
952 984 1037 1012 Ducis
1054 982 1230 1021 Burgundiae.
1652 981 1800 1018 jacobum.
2349 979 2385 1006 88

1190 1031 1227 1057 40
1618 1019 1660 1046 De
1680 1019 1817 1055 jocalibus
1842 1019 1959 1050 Iohanni
1981 1019 2104 1046 Merston
2123 1016 2309 1048 deliberandis.
2346 1017 2384 1052 89

466 1064 507 1090 De
535 1063 613 1090 Duce
649 1060 820 1089 Somersetiae
844 1063 1064 1089 Locumtenente
1090 1059 1176 1098 Regis
1199 1060 1228 1088 in
1619 1058 1660 1084 De
1682 1057 1815 1086 AEdificiis
1834 1052 1906 1095 {apud
1924 1058 2038 1085 Turrim
2059 1057 2164 1088 Shene,
2186 1058 2240 1084 δῖε.
2260 1066 2306 1094 per
2322 1055 2385 1083 Cle-

504 1102 614 1129 Francia
629 1102 790 1128 constituto.
1190 1109 1224 1134 4¹
1652 1095 1740 1123 ricum
1761 1096 1965 1133 Operationum
1986 1096 2168 1132 perficiendis.
2345 1104 2383 1129 90

1617 1134 1659 1160 De
1680 1134 1801 1162 Licentia
1819 1134 1967 1162 adducendi
1987 1133 2091 1171 jocalia
2109 1133 2137 1160 in
2158 1132 2296 1170 Angssism.
2347 1143 2381 1168 91

1617 1172 1669 1199 Pro
1699 1171 1784 1200 Matil.
1811 1173 1937 1201 Fosbrok
1966 1172 2081 1200 Nutrice
2111 1172 2186 1199 Sicca
2210 1171 2293 1209 Regis
2310 1192 2318 1204 ‚
2346 1173 2381 1200 de

1653 1211 1760 1239 duobus
1781 1210 1868 1239 Doliis
1888 1211 1954 1239 Vini
1971 1210 2110 1238 annuatim
2127 1210 2269 1238 conceffis.
2345 1219 2383 1245 92

464 1141 583 1177 Treugae
602 1140 672 1167 inter
692 1141 798 1177 Regem
819 1141 846 1167 &
864 1140 972 1166 Ducem
995 1137 1170 1175 Burgundiae.
1190 1147 1226 1172 4²

466 1180 551 1215 Super
569 1178 796 1216 Reparationibus
812 1177 899 1204 Castri
916 1178 1036 1205 Dovorr.
1056 1178 1120 1204 Dux
1137 1174 1227 1204 Glou-

500 1217 601 1244 cestriae
617 1215 836 1244 constabularius
853 1216 920 1252 petit
939 1215 1150 1243 Allocationem.
1189 1224 1224 1251 43

467 1256 508 1283 De
523 1255 712 1283 deliberatione
725 1255 923 1292 Scripturarum
942 1253 1097 1291 Collegium
1121 1254 1227 1281 Sanctae
1617 1249 1669 1276 Pro
1688 1249 1814 1286 johanne
1836 1249 2007 1278 vicecomite
2026 1250 2196 1282 Beaumont,
2227 1249 2259 1277 de
2279 1249 2383 1277 Praece-

195 2660 269 2689 1444
304 2654 433 2681 zzfflnh.

202 3763 275 3791 1445
304 3757 434 3793 23H2n.6.

504 1294 597 1322 Mariae
611 1293 770 1331 Cantcbrig.
790 1293 1029 1321 concernentium.
1188 1301 1227 1327 44
1652 1288 1741 1316 dentia
1760 1288 1815 1316 sua.
2344 1297 2381 1324 93

467 1333 518 1360 Pro
536 1332 626 1370 Salop.
645 1334 674 1360 in
692 1332 830 1360 Franciam
846 1330 1026 1368 profecturo,
1046 1331 1078 1359 de
1101 1330 1226 1357 Denariis
1618 1327 1670 1354 Pro
1699 1327 1804 1354 Andre-a
1831 1324 1943 1364 Hogard
1960 1347 1967 1359 ,
1997 1327 2030 1355 de
2059 1325 2180 1354 Licentia
2199 1325 2384 1363 prosequendi

497 1370 643 1400 solvendis.
1188 1378 1226 1404 45
1653 1374 1703 1402 pro
1720 1365 1832 1403 Juribus
1851 1365 1905 1393 suis
1926 1365 1953 1392 in
1979 1365 2070 1393 Dacia.
2344 1374 2384 1400 94

466 1409 616 1447 Episcopus
634 1409 750 1438 Batiion.
770 1409 837 1446 petit
856 1407 1030 1436 Solutionem
1049 1417 1100 1444 pro
1116 1407 1225 1444 Expen-
1617 1403 1659 1431 De
1679 1405 1818 1433 tractando
1836 1403 1914 1442 super
1933 1405 2016 1436 Pace,
2046 1406 2100 1432 &c.
2117 1412 2184 1431 cum
2204 1404 2280 1440 Rege
2303 1403 2385 1430 Fran-

502 1449 533 1476 fis
551 1449 579 1477 in
597 1449 759 1476 Ambiffiata
771 1449 799 1476 in
816 1449 924 1475 Ducatu
940 1446 971 1473 de
990 1447 1103 1483 Guycn.
1189 1448 1227 1482 46
1652 1443 1711 1470 ciae.
2337 1442 2338 1445 ’

464 1486 515 1514 Pro
537 1486 672 1515 Nicholao
690 1486 783 1524 Husey
801 1486 830 1514 in
849 1485 992 1514 Comitiva
1009 1484 1100 1522 Egidii
1114 1484 1146 1512 de
1169 1485 1225 1512 Bri·
1615 1481 1668 1508 Pro
1697 1483 1774 1510 Duce
1794 1482 1918 1510 Eborum
1935 1501 1943 1513 ,
1975 1481 2009 1509 de
2033 1479 2155 1508 Licentia
2178 1478 2330 1506 absentandi
2349 1481 2382 1508 ad

501 1527 592 1554 tannia
607 1526 778 1563 prefinitum.
1190 1532 1225 1558 47
1654 1520 1768 1548 Hiber-n.
2345 1520 2383 1553 96

467 1565 517 1591 Pro
541 1565 668 1601 johanne
689 1563 794 1601 Faceby
819 1562 929 1590 Medico
946 1561 1046 1600 Regis,
1066 1560 1100 1590 de
1118 1561 1226 1588 Annui-
1617 1558 1670 1585 Pro
1682 1558 1818 1597 Episcopo
1830 1558 1956 1586 Asiaven.
1973 1557 2075 1585 intuitu
2083 1555 2319 1594 Dilapidationum
2331 1558 2385 1585 Ec-

500 1609 552 1630 tate
569 1602 701 1630 concessa.
1188 1599 1226 1635 48
1274 1624 1277 1627 .
1653 1596 1737 1625 clesiae
1756 1597 1827 1628 suae,
1848 1598 1880 1625 de
1903 1596 2107 1624 Exoneratione
2123 1594 2137 1623 ἐι
2158 1595 2297 1623 Subfidiis.
2347 1605 2383 1631 97

467 1642 509 1668 De
524 1641 633 1669 essendo
650 1649 741 1667 coram
762 1641 840 1676 Rege
856 1640 884 1668 δι
902 1637 1030 1666 Concilio
1045 1636 1123 1675 super
1148 1638 1224 1672 Que-
1618 1636 1670 1662 Pro
1689 1636 1780 1663 Priore
1799 1637 1826 1665 δε
1843 1636 1992 1662 Conventu
2010 1636 2042 1662 de
2061 1633 2292 1670 Walingford‚de
2307 1634 2385 1662 Con-

502 1679 552 1706 rela
568 1678 773 1715 Archiepiscopi
790 1678 924 1705 Eborum.
1187 1686 1225 1712 49

466 1722 506 1748 De
524 1717 642 1745 Subditis
660 1717 744 1744 Ducis
762 1716 906 1743 Britanniae
922 1714 990 1742 bene
1006 1715 1159 1743 tractandis.
1191 1724 1226 1749 50
1273 1745 1276 1748 ,

465 1760 505 1786 De
533 1755 623 1782 Riotis
649 1758 675 1784 ὃ(
703 1755 805 1783 Routis
830 1761 924 1781 contra
938 1752 1108 1781 Cardinalem
1125 1756 1153 1782 δι’,
1175 1755 1224 1781 Ar·
1264 1748 1273 1771 ἵ

499 1794 705 1832 chiepiscopum
722 1794 844 1821 Eborum
861 1792 1029 1820 cohibendis.
1190 1802 1222 1827 51

467 1837 507 1863 Dc
529 1833 646 1870 Treugis
669 1833 739 1860 inter
765 1833 875 1869 Regem
892 1833 920 1860 ὃς
935 1832 1043 1858 Ducem
1062 1831 1227 1868 Burgundiae

500 1871 703 1902 conservandis.
1189 1878 1225 1906 52

466 1913 506 1939 De
532 1910 682 1937 Conduetu
702 1918 752 1947 pro
773 1908 954 1937 Servitoribus
977 1907 1063 1936 Ducis
1087 1906 1179 1936 Aurel.
1198 1911 1225 1938 &
1279 1922 1310 1932 .-

499 1947 566 1979 aliis.

465 1990 507 2016 De
527 1987 648 2015 Licentia
665 1985 767 2019 Bullas,
789 1989 842 2015 διε.
861 1985 1030 2022 acceptandi,
1053 1987 1081 2014 &
1107 1985 1140 2013 de
1163 1956 1225 2013 Pzir3-
1269 1964 1304 2027 :if

501 2026 649 2057 donatione
664 2035 712 2063 pro
736 2024 882 2061 Radulpho
898 2023 1048 2052 Crumwcll
1066 2023 1163 2051 Milite.
1189 2033 1227 2060 54
1269 2029 1305 2057 „³

464 2067 515 2094 Pro
539 2064 645 2103 Jacobo
669 2066 781 2092 Trottes
804 2062 899 2092 Italico
916 2083 924 2096 ,
951 2062 983 2090 de
1009 2062 1227 2112 Indigenatione.
1279 2057 1295 2075 ‘⁴'

463 2145 516 2171 Pro
540 2140 689 2175 cardinali,
711 2140 801 2179 Salop.
817 2141 850 2170 de
873 2139 995 2169 Licentia
1020 2138 1173 2168 absentandi
1189 2110 1227 2169 {b
1296 2124 1310 2138 ’ἱ

1190 2381 1226 2415 ῑ9

1192 2451 1227 2476 60
1267 2447 1301 2512 Ξῖ

1294 2530 1314 2543 aa

501 2180 639 2209 Hibernia.
1189 2180 1226 2214 56
1269 2178 1283 2218 J

465 2222 517 2248 Pro
535 2220 650 2247 comite
667 2217 787 2256 Angliae,
809 2218 841 2246 de
858 2217 1048 2256 Affignatione
1070 2226 1120 2255 pro
1140 2217 1225 2246 Pecu·
1270 2219 1284 2257 J

489 2259 550 2301 ⁴niis
568 2258 709 2300 mutuatis.
1189 2266 1224 2293 57
1270 2258 1310 2299 „⁴⁸

464 2298 619 2326 Eiulmodi.
1189 2295 1225 2330 58

464 2338 506 2363 De
533 2334 730 2363 Pardonatione
754 2343 807 2370 pro
829 2334 920 2361 Fratre
949 2332 1078 2370 Johanne
1101 2332 1226 2371 Brakley.
1266 2327 1311 2377 '⁵³

463 2415 504 2441 De
528 2411 706 2440 Libertati'ous
739 2409 863 2438 Ecciefiae
890 2408 1008 2438 minime
1037 2409 1174 2447 infringes.
1196 2420 1228 2439 is.
1267 2407 1288 2446 η’

462 2491 502 2518 De
520 2487 716 2518 Pardonatione
730 2496 780 2524 pro
799 2488 876 2515 Duce
890 2486 1032 2515 Somerset
1042 2487 1085 2515 iae.
1193 2490 1225 2516 61

716 2565 772 2592 An.
790 2573 836 2593 22.
856 2565 928 2592 Heu.
947 2564 974 2595 6.

462 2645 516 2686 Pro
528 2642 653 2680 johanne
671 2641 805 2669 Maunche
823 2642 855 2670 de
872 2641 988 2669 Venetia
1001 2662 1007 2673 ‚
1026 2642 1059 2670 de
1083 2640 1228 2680 Indigena-

463 2690 698 2748 Prblosslearchione
718 2717 820 2747 Dorset
836 2738 844 2750 .
879 2718 912 2746 de
931 2718 1079 2746 Annuitate
1095 2682 1228 2748 conce1162'12.

463 2798 514 2824 Pro
530 2797 608 2824 Duce
624 2796 759 2823 Exon.de
776 2794 995 2823 Confirmatione
1010 2793 1096 2822 Tituli
1114 2797 1141 2823 ὃ(
1159 2759 1225 2823 Ροόεέ

499 2834 619 2863 seffionis
640 2832 843 2871 Coldherbergh
863 2834 891 2861 in
910 2834 1007 2861 Warda
1026 2835 1058 2862 de
1075 2832 1226 2898 Dousgage.

462 2913 503 2939 De
533 2911 646 2955 ‘simma
674 2913 702 2941 &
731 2910 853 2939 Heurico
881 2912 968 2949 Percy
990 2909 1226 2939 Perturbatoribus

461 2951 646 3016 Prgalfllesnrico
669 2987 767 3016 Welles
782 2986 927 3027 Capellano
941 2987 974 3015 de
988 2985 1113 3016 Alcman.
1128 2987 1162 3015 dc
1179 2952 1226 3015 151³-

498 3027 679 3064 digenatione.
1189 3027 1225 3053 66

461 3066 512 3094 Pro
538 3065 694 3094 Haeredibus
718 3065 841 3093 Comitis
864 3063 898 3093 de
922 3064 1043 3093 Loueth.
1064 3064 1092 3092 in
1111 3063 1226 3092 Hiber-n.

499 3105 531 3132 de
556 3103 822 3140 Exemplificatione.
1004 3104 1007 3106 ’
1189 3104 1223 3138 67

463 3144 505 3170 De
519 3142 720 3170 Commiss‘axiis
735 3141 928 3180 appunstuatis
942 3141 975 3169 ad
993 3141 1164 3169 tractandum
1178 3140 1223 3168 su-

496 3191 543 3219 per
559 3182 678 3213 Litibus.
696 3180 835 3217 Qerelis,
856 3182 911 3208 ἃς.
927 3186 1023 3208 contra
1040 3181 1136 3207 Pacem
1152 3178 1223 3206 infra

501 3219 631 3247 Marchias
649 3217 837 3247 Occidentales
852 3218 944 3246 versus
960 3218 1092 3246 Scotiam.
1186 3217 1222 3244 68

463 3260 503 3285 De
521 3260 628 3285 statuto
642 3265 738 3285 contra
755 3259 842 3285 Arma
857 3258 984 3294 gerenda.
1185 3258 1222 3291 69

463 3298 503 3324 Dc
517 3296 655 3323 tra-stando
671 3305 737 3323 cum
755 3295 923 3323 Hominibus
939 3295 972 3323 de
989 3292 1145 3326 Hollandia,
1167 3293 1224 3321 Ze-

494 3333 580 3362 landia
595 3336 621 3362 ὃ(
640 3334 737 3365 Prilia,
755 3335 789 3361 de
806 3335 912 3362 mutuis
930 3333 1069 3361 Amicitiis
1086 3334 1223 3360 Intercur-

498 3372 525 3400 su
544 3371 788 3403 Mcrcandisarum,
810 3373 864 3399 &c.
1188 3380 1223 3405 70

463 3413 503 3438 De
525 3411 675 3439 Condustu
701 3419 751 3448 pro
777 3411 898 3447 Hugone
923 3410 1039 3446 Lannoy
1056 3407 1146 3436 Milite
1160 3409 1220 3436 Do-

498 3449 576 3476 mino
591 3450 623 3477 de
637 3451 730 3476 Santes
747 3447 778 3485 de
799 3447 928 3476 Flandria.
1186 3455 1219 3482 71

464 3488 503 3514 De
522 3486 714 3525 proclamando
738 3492 833 3514 contra
861 3484 998 3513 Delatores
1027 3482 1174 3512 cardinalis
1195 3487 1223 3513 &

500 3525 702 3563 Archiepiscopi
719 3524 856 3553 Eborum.
1186 3530 1221 3557 72

465 3562 506 3589 De
527 3564 644 3602 Treugis
667 3564 736 3591 inter
760 3564 870 3599 Regem
894 3564 923 3591 &
939 3558 1119 3590 Avunculum
1141 3559 1222 3588 suum

501 3601 618 3630 Franciae
634 3600 842 3640 proclamandis.
1186 3607 1221 3634 73

726 3679 780 3706 An.
800 3687 845 3715 23.
864 3679 938 3706 Hen.
953 3677 981 3704 6.

466 3755 508 3781 De
527 3751 646 3780 Licentia
657 3752 757 3789 Jocalia
774 3754 915 3783 vendendi.
1187 3759 1224 3787 74
1267 3758 1278 3788 i
1292 3757 1301 3772 *

465 3791 619 3826 Ejusmodi·
1185 3797 1222 3824 75
1272 3792 1308 3828 ³,

464 3829 600 3867 Apologia
626 3827 712 3856 Ducis
737 3829 875 3859 Suffoiciae
898 3830 931 3859 de
951 3838 1008 3858 non
1023 3826 1221 3866 proficiscendo
1266 3832 1292 3869 J*

500 3869 527 3895 in
546 3867 706 3895 Ambaffiata
723 3867 848 3897 Franciae.
1185 3867 1221 3900 76
1276 3871 1299 3892 ‘k

463 3906 505 3933 De
520 3905 687 3934 Fundatione
703 3903 821 3943 Collegii
833 3907 865 3934 de
880 3909 955 3937 Eton
970 3908 1000 3937 δί
1021 3902 1140 3942 collegii
1164 3904 1221 3930 Re·
1265 3898 1300 3920 Ὺ

497 3943 565 3982 galis
585 3944 613 3971 iu
630 3942 787 3982 Cantebrig.
1185 3949 1219 3978 77
1264 3924 1300 3990 {a}

1206 2882 1224 2908 4
1265 2853 1312 2944 ἒξ
1354 2879 1425 2913 1446
1451 2875 1581 2910 24Hen.6.

1282 3337 1307 3388 ff&

1261 3284 1308 3615 ἒξ

1653 1674 1770 1702 ceffione
1790 1683 1839 1712 pro
1858 1675 1960 1701 orando
1980 1683 2029 1710 pro
2051 1674 2127 1709 Rege
2146 1675 2173 1700 ἃ
2190 1673 2307 1710 Regiiu.
2345 1672 2382 1708 98

1619 1713 1671 1739 Pro
1693 1712 1818 1750 johanne
1839 1711 1960 1740 chlok
1980 1712 2008 1739 in
2029 1711 2169 1739 Franciam
2198 1710 2359 1748 profestum
2375 1732 2384 1744 ‚

1652 1752 1685 1779 de
1706 1752 1829 1779 Denariis
1848 1749 1994 1778 solvendis.
2350 1758 2388 1784 99

1617 1790 1746 1818 Ricardus
1773 1790 1874 1827 Jordan
1902 1788 2030 1816 Cellarius
2057 1787 2143 1825 Regis
2170 1787 2239 1824 petit
2258 1788 2358 1816 Panem
2375 1809 2385 1821 ,

1654 1828 1773 1859 Potum,
1805 1829 1940 1858 Carnem,
1967 1827 2072 1858 Pisces,
2100 1829 2156 1854 ἃς.
2175 1835 2226 1862 pro
2247 1826 2386 1855 Sustenta-

1653 1866 1729 1893 tione
1747 1865 1793 1892 sua
1812 1866 1841 1891 in
1861 1866 1950 1891 AEtate
1965 1864 2056 1892 senile.
2333 1874 2386 1892 100

1619 1905 1661 1932 De
1689 1912 1788 1932 mutuo
1819 1902 1906 1940 petito
1926 1901 1959 1929 ad
1979 1901 2146 1930 Succursum
2167 1900 2289 1929 Comitis
2310 1902 2385 1930 Salo-

1656 1942 1708 1980 piae
1729 1943 1756 1970 in
1777 1941 1918 1969 Franciam
1937 1940 2118 1969 mittendum.
2337 1950 2385 1969 101

1619 1983 1663 2009 De
1684 1979 1824 2019 jocalibus
1845 1979 1918 2007 Duci
1939 1979 2109 2007 Somersetiae
2129 1978 2280 2006 invadiatis.
2335 1988 2386 2007 102

1621 2021 1664 2048 De
1684 2019 1758 2056 4800
1779 2017 1876 2046 Marcis
1895 2018 1968 2045 Duci
1988 2019 2020 2047 de
2040 2019 2124 2055 Bayer
2143 2017 2288 2045 solvendis.
2337 2027 2387 2055 ¹03

1619 2060 1662 2087 De
1680 2057 1846 2086 Arraiatione
1863 2055 1984 2085 facienda
2000 2065 2097 2085 contra
2114 2054 2236 2084 Rebelles
2253 2056 2281 2083 in
2299 2055 2388 2085 Com.

1654 2097 1756 2125 Cauce.
2334 2103 2365 2122 ιο

1618 2136 1660 2164 Ad
1689 2135 1858 2173 Episcopum
1885 2133 2002 2162 Tirwan
2034 2132 2231 2162 Cancellarium
2254 2131 2338 2170 Regis
2357 2104 2388 2161 iii

1658 2174 1777 2202 Francia.
2333 2180 2386 2207 ¹05

1619 2213 1663 2240 De
1692 2212 1820 2241 Domino
1846 2210 1977 2249 l'Esparra
2001 2210 2081 2247 super
2102 2210 2196 2239 Vadiis
2216 2220 2266 2249 pro
2287 2208 2386 2238 Militi-

1655 2251 1707 2279 bus
1727 2254 1754 2280 &
1773 2250 1944 2278 Hominibus
1964 2251 1997 2278 ad
2018 2250 2110 2277 Arma.
2333 2249 2386 2276 106

1618 2291 1662 2318 De
1680 2289 1828 2318 Garnitura
1845 2299 1895 2326 pro
1915 2289 2029 2317 Camera
2050 2287 2223 2316 Parliamenti
2243 2285 2387 2317 liberanda.

2287 2359 2289 2362 .
2333 2335 2384 2362 ¹07

1616 2367 1711 2394 Petrus
1725 2365 1830 2404 Olyver
1847 2365 1879 2393 de
1891 2364 2044 2394 Barcellona
2059 2365 2127 2403 petit
2143 2373 2198 2401 500
2227 2365 2330 2392 Marcas
2354 2365 2386 2392 ad

1656 2407 1764 2434 Navem
1783 2404 1928 2433 emendam
1946 2403 2008 2432 loco
2025 2405 2132 2432 Caracae
2148 2403 2214 2431 suae.
2334 2403 2386 2430 108

1617 2443 1719 2471 Cedula
1734 2443 1885 2481 Apparatus
1903 2444 2020 2471 Caracae.
2331 2450 2385 2476 109

1618 2483 1704 2520 Super
1730 2482 1894 2510 Retincntiis
1916 2480 2041 2510 Militum
2059 2501 2067 2514 ,
2098 2480 2257 2509 Hominum
2277 2479 2310 2507 ad
2332 2481 2384 2506 Ar-

1656 2531 1718 2552 ma,
1741 2523 1796 2549 &c.
2335 2527 2386 2545 iro

1618 2560 1671 2587 Pro
1695 2559 1821 2587 Roberto
1842 2559 2019 2597 Wynington
2039 2578 2047 2590 ‚
2086 2558 2119 2586 ad
2138 2556 2289 2585 Servitium
2307 2555 2387 2594 supra

1654 2599 1728 2625 Mare
1746 2606 1854 2626 retento
1867 2618 1875 2629 ‚
1899 2599 1932 2625 de
1950 2597 2131 2635 expediendo.
2333 2604 2381 2622 111

1618 2637 1660 2663 De
1680 2636 1818 2672 Captione
1838 2637 1949 2673 Magnae
1972 2635 2068 2664 Navis.
2330 2642 2382 2660 112

1618 2675 1744 2740 Noniina
1765 2675 1941 2713 quorundam
1965 2674 2123 2703 Hominum
2147 2669 2305 2700 Comitatus
2318 2670 2384 2698 Suf-

1656 2714 1688 2741 to
1697 2722 1724 2742 c.
2332 2718 2381 2746 1¹3

1879 2790 1934 2817 An.
1953 2797 2000 2823 24.
2015 2789 2089 2817 Hen.
2108 2788 2137 2815 6.

1615 2864 1659 2892 De
1675 2865 1818 2893 uastando
1834 2873 1901 2892 cum
1918 2865 1997 2892 Duce
2013 2864 2180 2902 Burgundiae
2190 2883 2197 2895 ,
2215 2863 2248 2891 de
2263 2862 2384 2901 'rreugis

1651 2902 1826 2935 Intercursu,
1850 2905 1905 2931 διε.
2327 2910 2380 2937 114.

1614 2943 1701 2980 Super
1725 2940 1939 2970 Reformatione
1963 2942 2200 2978 Attemptatorum
2225 2938 2381 2969 Britanniae.

2330 2987 2382 3013 1¹5

1612 3020 1665 3046 Pro
1688 3019 1778 3046 Fratre
1795 3017 1910 3045 Thoma
1925 3017 2017 3049 Birde,
2038 3017 2072 3045 de
2089 3015 2239 3045 Annuitate
2259 3016 2383 3044 concessa

1649 3067 1700 3094 pro
1716 3055 1883 3085 transeundo
1899 3055 1931 3083 ad
1948 3057 2048 3093 Papam
2060 3076 2067 3087 ‚
2089 3058 2116 3084 δε
2130 3063 2198 3082 cum
2220 3053 2382 3082 Marchione

1650 3095 1720 3123 Suss'.
1742 3105 1792 3133 pro
1808 3094 2007 3122 conductione
2026 3094 2153 3131 Reginae.
2329 3093 2382 3120 116

1615 3134 1713 3162 Literae
1743 3132 1896 3171 Reprisaliae
1921 3132 2054 3161 conceffae
2083 3129 2202 3159 Waltero
2229 3127 2361 3158 Dolmau.

2325 3178 2353 3195 11

1614 3211 1667 3238 Pto
1684 3207 1842 3248 quuelino
1857 3209 1889 3237 de
1904 3206 2010 3236 Vineali
2026 3207 2125 3245 Judice
2142 3207 2232 3235 Curiae
2250 3178 2380 3246 Superioy-

1649 3248 1735 3276 ritatis
1756 3246 1894 3285 Burdegal.
1911 3246 2075 3275 constituto.
2326 3245 2378 3273 118

1613 3287 1666 3314 Pro
1687 3287 1789 3314 Bidone
1813 3287 1847 3315 de
1871 3286 2022 3317 Gamarda,
2049 3284 2082 3311 de
2105 3281 2211 3311 Officio
2236 3282 2378 3312 Custodiae

1648 3325 1726 3352 Parvi
1752 3323 1854 3361 Sigilli,
1878 3323 1930 3352 una
1955 3332 2021 3351 cum
2038 3321 2177 3359 Hostagiis
2194 3322 2288 3350 Curiae
2303 3321 2376 3349 Exe-

1647 3363 1762 3391 cutoriae
1779 3361 1919 3399 Burdegal.
1936 3359 2074 3389 concess'o.
2325 3369 2378 3395 1¹⁹

1612 3401 1665 3429 Pro
1689 3400 1849 3428 Theobaldo
1867 3402 1955 3438 Dages
1971 3396 2132 3425 Confiliario
2148 3397 2271 3426 Ducatfis
2287 3398 2377 3436 Aqui-

1649 3440 1729 3468 taniae
1746 3440 1909 3467 constitum.
2323 3446 2375 3464 120

1610 3477 1665 3505 Pro
1692 3477 1806 3505 Thoma
1831 3475 1947 3512 Elogin,
1977 3473 2010 3502 de
2030 3473 2213 3502 Concessione
2236 3472 2376 3511 Balliagio-

1647 3525 1710 3543 rum
1729 3517 1756 3543 δε
1772 3513 1889 3550 Herbag.
1909 3513 1937 3540 in
1955 3512 2078 3540 Partibus
2093 3513 2125 3539 de
2142 3512 2282 3550 Agenoiz.
2324 3522 2373 3541 121

1611 3555 1654 3581 De
1671 3551 1858 3580 Annexatione
1876 3551 2005 3579 Dominii
2019 3550 2053 3578 de
2069 3549 2203 3578 Blenhaco
2220 3552 2247 3579 &
2263 3548 2377 3579 Blenha-

1647 3590 1720 3619 defio
1741 3591 1862 3618 Coronae
1887 3589 2005 3628 Angliae,
2023 3589 2056 3617 de
2081 3588 2303 3616 Confirmatione
2320 3590 2377 3617 Re-

1611 3637 1804 3694 Deg¹1⁵z⁵0berto
1824 3669 1903 3708 Veer.
1919 3664 2006 3694 Milite
2030 3663 2180 3693 Senescallo
2203 3665 2232 3692 in
2262 3635 2376 3693 Ducitis

1651 3705 1802 3741 Aquitaniae
1818 3705 1978 3732 constituto.
2014 3723 2016 3725 »
2320 3711 2372 3740 ¹23

1612 3743 1653 3771 De
1675 3742 1833 3771 Guiilielrno
1855 3744 1931 3779 Grey
1953 3742 2132 3771 Procuratore
2153 3741 2183 3769 in
2204 3740 2288 3768 Curia
2309 3741 2372 3768 Ro-

1648 3791 1726 3809 mana
1741 3782 1880 3818 deputato,
2321 3788 2376 3816 ¹24

1611 3820 1654 3847 De
1672 3820 1796 3848 Navibus
1813 3818 1969 3847 arrestandis
1984 3828 2034 3856 pro
2063 3815 2228 3846 Cancellario
2253 3817 2374 3847 Franciae

1649 3860 1773 3886 Roberto
1792 3860 1871 3886 Roos
1890 3860 1917 3886 ὃς
1931 3856 1988 3884 aliis
2001 3855 2210 3884 transfretandis.
2321 3865 2373 3892 ¹²5

1609 3897 1652 3926 De
1677 3896 1863 3925 Restitutione
1890 3893 2101 3933 Temporalium
2124 3903 2176 3932 pro
2207 3892 2312 3923 Abbate
2340 3896 2376 3925 de

1647 3935 1780 3973 Redyng.
2321 3935 2375 3962 ¹26

2284 3990 2287 3993 -
2321 3971 2377 4006 Pro
