2561 4263
60 203 144 239 1635.

40 245 94 269 An.
117 249 157 266 ii.

38 283 101 306 Car,
117 288 139 304 i.

57 1055 168 1083 *xix

78 1105 143 1130 712.

180 78 231 130 38

189 198 449 229 considerationem
472 196 674 233 premissorum
701 199 850 235 habentes,
885 199 916 228 ὃς
940 198 1087 235 superinde
1112 196 1255 236 prefatum

193 240 334 274 beorgium
350 240 439 276 lllyun
457 245 548 273 neque
563 235 683 273 dignum
700 245 791 274 neque
808 237 945 266 idoneum
961 239 994 267 ad
1013 236 1179 273 pre-dietum
1199 232 1258 274 Os-

193 276 291 307 ficium
305 275 339 306 ad
353 275 467 311 aliquod
481 283 593 310 tempus
611 272 707 310 postea
715 276 914 311 exequendum
933 276 987 305 sive
1003 273 1187 313 gaudendum
1202 274 1265 311 sen-

194 317 293 346 tientes
308 315 341 346 &
355 314 561 348 existimantes,
581 310 778 349 Voluetimus,
795 324 827 343 ac
844 323 896 353 pro
913 313 1032 350 Nobis,
1055 311 1216 341 Heredibus
1231 312 1264 339 ὅί

195 354 414 384 Successoribus
439 350 562 387 nostris,
589 360 638 386 per
661 351 771 381 easdem
799 352 905 381 Literas
927 351 1033 381 iiostras
1051 350 1179 380 Patentes
1203 348 1267 377 De-

198 392 399 423 claraverimus
409 412 417 427 ,
434 389 515 426 quod
531 389 651 425 prefatus
666 392 793 426 Georgius
809 394 898 430 Mynn
917 392 952 419 ab
966 390 1134 419 executione
1148 388 1179 417 ὃς
1189 395 1268 427 exer-

200 432 272 461 citio
299 429 403 459 Officii
427 428 564 465 predicti,
591 427 720 457 Necnon
744 430 759 457 {1
783 429 945 465 receptione
963 451 972 465 ,
1005 428 1187 465 perceptione
1212 427 1268 453 sive

198 469 338 500 fruitione
351 468 510 504 aliquorum
527 465 686 495 ‘radiorum
698 488 706 503 ,
728 466 909 503 Feodorum,
928 467 1076 496 Robarum
1087 488 1096 503 ,
1116 462 1269 506 Proficuo-

198 518 282 544 rum,
308 506 584 541 Commoditatutn,
612 504 824 541 Denariorum,
847 504 1032 534 Summarum
1050 527 1059 541 ,
1094 502 1270 534 Annualium

201 546 378 576 Reddituum
389 567 397 581 ,
418 542 908 581 Ailocationum,Advantigiorum
925 544 980 572 live
997 542 1268 582 Ernolumeutorum

200 591 460 622 quorumcunque,
484 591 531 619 per
555 581 662 611 Literas
687 580 816 611 Parentes
837 583 934 621 prelati
958 592 1046 619 nuper
1073 581 1161 611 Patris
1181 578 1270 609 nostri

201 623 342 662 predicis,
360 631 404 650 aut
422 620 499 649 aliter
517 628 585 655 pro,
603 619 657 648 sive
674 620 702 647 in
718 619 843 658 respeclu
862 620 963 649 Orricii
988 621 1109 658 pi'ediCti
1124 620 1174 650 sibi
1197 628 1270 648 con-

205 661 290 698 celli,
310 669 355 689 aur
376 665 469 695 arqui]
494 658 548 686 alio
572 657 662 686 modo
680 657 760 687 diei-o
783 658 898 688 Officio
917 660 1118 696 pertinentium
1135 659 1191 688 sive
1210 656 1270 694 spe-

206 700 367 734 ctantium,
392 699 437 726 Ac
458 697 544 724 ctiam
561 696 597 723 ab
613 696 698 724 omni
719 697 930 735 interpositione
954 698 1134 734 perseipsum
1158 697 1202 726 vel
1223 705 1271 732 per

207 738 390 774 Deptitatuni
407 735 461 764 iiie
481 733 640 770 Deputatos
653 734 715 764 suos
728 736 758 764 in
775 735 832 764 sive
846 744 1040 766 concernente
1054 735 1198 765 Officium
1208 744 1271 771 pre-

206 776 334 812 dictum,
353 782 399 803 aut
418 774 446 802 in
463 772 508 801 vel
525 773 598 801 circa
612 770 717 810 aliquid
730 773 875 803 Officium
893 774 1053 812 predifftum
1068 774 1163 812 aliquo
1178 773 1271 803 modo

205 823 321 852 tangens
338 813 392 842 sive
407 820 606 847 concernenS,
624 810 718 848 postea
728 834 739 850 ,
757 812 873 842 durante
889 812 950 843 vita
969 813 1016 844 sust
1031 812 1169 850 naturali,
1188 811 1273 849 foret,

206 853 288 882 staret
304 852 337 881 &
354 859 530 888 permaneret
544 848 691 888 suspensus.

241 890 377 927 Cumque
391 887 460 918 Nos
480 897 528 925 per
545 889 682 925 predictas
706 888 811 919 Literas
833 889 942 920 nostras
964 888 1114 926 Parentes,
1142 897 1200 919 tam
1222 898 1275 925 pro

206 930 239 960 δε
257 929 286 958 in
301 927 528 958 consideratione
546 928 635 964 boni,
653 929 730 964 veri,
748 927 836 957 fidelis
851 929 882 959 ὃς
897 929 1075 967 acceptabilis
1091 928 1192 958 servitii
1203 927 1272 958 No·

205 969 266 1004 bis,
286 976 335 1004 per
350 966 490 996 dilectum
508 966 676 995 servientem
701 966 831 995 nostrum
852 967 998 996 Ricardum
1025 970 1126 1003 mange
1145 966 1273 996 Militem

202 1008 237 1038 ὃ(
253 1005 458 1041 Batonettuiu,
480 1014 567 1033 unuin
584 1005 798 1034 Generosorum
817 1007 923 1042 private
939 1005 1063 1036 Camere
1078 1004 1172 1035 nostre
1194 1014 1273 1034 ante-

205 1046 273 1075 hinc
289 1044 360 1074 faeti
376 1045 408 1075 ὃ(
425 1043 559 1080 impensi,
576 1052 610 1073 ac
634 1042 670 1072 de
691 1042 825 1073 fidelitate
850 1047 863 1060 ³*
883 1045 915 1073 &
937 1046 1097 1083 integritate
1121 1044 1164 1074 sua
1182 1044 1274 1082 pluri-

207 1088 291 1114 m'uin
308 1084 337 1112 iri
353 1083 408 1112 hac
425 1089 502 1118 parte
518 1080 713 1119 confidentes,
730 1092 764 1112 ac
780 1092 831 1119 pro
846 1083 958 1112 diversis
974 1083 1032 1112 aliis
1048 1084 1131 1112 bonis
1146 1082 1273 1112 caulis&

207 1121 477 1154 considerationibus
497 1119 562 1150 Nos
578 1119 733 1158 specialiter
751 1121 994 1159 moventibus,de
1009 1121 1098 1160 gratia
1113 1121 1274 1157 nostraspe-

209 1162 291 1198 ciali,
315 1170 348 1189 ac
373 1168 407 1189 ex
430 1167 507 1188 certa
521 1157 634 1188 scientia
657 1158 690 1188 δε
713 1168 794 1188 mero
816 1169 898 1190 motu
922 1159 1024 1190 nostris
1047 1160 1218 1190 Dederiiuus
1243 1160 1275 1189 Sc

210 1198 446 1230 Conceii'er‘imus
464 1219 474 1235 ,
492 1206 545 1236 pro
565 1197 679 1234 Nobis,
705 1197 866 1228 Heredibus
888 1199 920 1228 &
939 1199 1156 1228 Success'oribus
1173 1197 1274 1228 nostris

211 1239 322 1279 prefato
339 1236 457 1266 Ricardo
475 1238 574 1272 Yoimge
591 1234 684 1266 Militi
699 1237 731 1266 ἃ
747 1236 899 1267 Baionetto
912 1238 944 1267 &
961 1238 1112 1275 Affignatis
1127 1237 1177 1266 suis
1188 1260 1197 1275 ,
1210 1246 1274 1267 exe-

213 1278 362 1307 cutionem
376 1275 409 1305 &
423 1275 587 1305 exercitium
603 1274 724 1311 predicti
740 1273 841 1304 Officii
857 1275 990 1305 Custodis
1005 1276 1060 1305 sive
1078 1275 1183 1306 Clerici
1210 1276 1271 1306 lia-

211 1316 317 1352 napei'ii
334 1313 512 1344 Cancellarie
537 1312 632 1342 nostre
653 1322 686 1343 ac
711 1312 859 1343 Heredum
879 1314 912 1344 &
934 1313 1137 1344 Successorum
1161 1314 1274 1344 nostro-

211 1364 295 1391 rum,
315 1353 360 1382 Ac
378 1352 468 1389 ipsum
483 1351 627 1380 Ricardum
644 1354 741 1389 Ymmge
767 1351 892 1382 Militem
913 1353 945 1382 &
968 1352 1152 1383 Baronettum
1174 1355 1275 1391 (quan-

214 1402 277 1424 tum
294 1393 321 1421 in
333 1391 427 1421 Nobis
444 1394 512 1425 erat)
534 1400 586 1426 pto
600 1388 700 1420 Nobis
715 1389 875 1420 Heredibus
890 1392 921 1421 δε
935 1390 1153 1422 Success‘oribus
1171 1393 1273 1422 nostris

212 1430 471 1469 Affignaverimus,
498 1428 818 1467 Appunetuaverinius‚
845 1429 1080 1460 Ordinaverimus
1101 1432 1134 1460 ὃς
1159 1430 1276 1460 Consti-

217 1479 370 1505 tuerirnus,
394 1467 428 1498 ad
454 1466 598 1497 Officium
617 1467 780 1506 predic‘tum
803 1468 994 1499 exercendum
1020 1469 1053 1499 δε
1078 1471 1276 1508 exequendum

212 1519 262 1549 per
277 1508 385 1538 easdem
404 1507 511 1537 Literas
527 1504 631 1536 nostras
648 1505 793 1544 Patentes,

252 1546 450 1582 l-labendum,
468 1544 624 1575 tenendum
643 1545 676 1575 ὃς
692 1545 872 1584 gaudendum
892 1548 1091 1577 executionem
1111 1547 1143 1577 &
1169 1548 1276 1578 exerci-

216 1587 291 1617 tium
311 1584 413 1614 Officii
434 1583 568 1621 predicti,
591 1583 699 1619 prefato
719 1584 834 1613 Ricardo
851 1587 951 1620 Yomige
973 1585 1062 1616 Militi
1082 1587 1113 1616 &
1143 1585 1277 1617 Bai-onet-

211 1635 250 1659 χο
271 1648 280 1663 ,
305 1633 337 1653 ac
356 1622 500 1652 Officium
519 1621 679 1658 predictum
699 1631 747 1658 per
763 1622 905 1659 prefatum
924 1625 1071 1653 Ricardum
1094 1628 1191 1662 Yuunge
1214 1625 1275 1655 Mi-

215 1664 296 1694 litem
316 1663 348 1692 8<
371 1661 570 1698 Batonettum,
596 1661 688 1698 perse
707 1661 739 1691 ὃς
764 1662 927 1697 Aissgnatos
951 1663 1030 1699 suos,
1058 1665 1102 1693 vel
1129 1674 1178 1701 per
1202 1664 1278 1694 suffi-

217 1704 342 1733 cientem
362 1700 540 1739 Deputatuin
565 1700 645 1728 suum
668 1699 725 1740 sive
745 1699 902 1737 Depiitatos
920 1700 981 1731 suos
1000 1701 1185 1739 sufficientes,
1215 1713 1279 1733 exe-

218 1741 382 1778 quendum,
402 1749 454 1776 pro
473 1739 505 1768 ὃς
526 1738 641 1780 durante
661 1738 832 1775 suspensione
856 1740 976 1777 predicti
1001 1743 1106 1778 Georgii
1126 1745 1216 1780 Mynn
1241 1743 1277 1773 ab

219 1779 333 1809 Officio
354 1778 498 1815 predicto,
518 1785 546 1806 ut
567 1777 712 1814 prefertur.

259 1817 432 1847 Dederiiiius
452 1817 537 1859 eiiam
555 1816 587 1845 ὃς
609 1816 841 1849 Concesserimus
859 1829 907 1857 per
926 1819 1035 1850 easdem
1054 1821 1161 1852 Literas
1173 1819 1280 1851 nostras

218 1857 365 1894 Parentes,
385 1864 438 1894 pro
453 1854 567 1898 Nobis,
585 1854 743 1888 Heredibus
757 1859 790 1888 a&
806 1858 1020 1889 Succelloribus
1033 1860 1152 1898 nostris,
1171 1861 1279 1900 pref-ato

217 1894 333 1924 Ricardo
357 1897 459 1936 Y‘ffi'vsse
479 1892 569 1923 Militi
594 1894 627 1924 &
651 1894 804 1926 Batonetto
825 1898 858 1928 &
875 1897 1024 1936 Affignatis
1045 1899 1113 1937 suis,
1132 1901 1159 1929 in
1175 1901 1208 1930 &
1225 1909 1278 1936 pro

215 1934 321 1965 eodem
345 1933 459 1963 Officio
481 1933 642 1975 exercendo
663 1943 697 1964 ac
726 1934 827 1965 Officii
849 1937 968 1974 predicti
992 1939 1144 1976 exercitio,
1174 1938 1279 1977 Vadia,

215 1973 333 2009 feoda,
351 1971 449 2002 Rebas
463 1971 495 2002 &
512 1971 642 2011 Regarda
654 1982 824 2013 quecunque
837 1974 930 2006 eidem
947 1974 1061 2007 Officio
1073 1977 1170 2016 aliquo
1188 1978 1280 2008 modo

218 2012 389 2050 spe&antia,
407 2011 503 2041 debita
518 2012 551 2042 &
572 2012 714 2043 consueta.

257 2050 434 2080 Habendum
450 2050 483 2080 &
501 2050 718 2090 percipiendum
734 2050 834 2082 eadem
848 2053 951 2091 Vadia‚
973 2052 1085 2092 Feoda,
1095 2053 1279 2094 Robas,Re-

218 2089 320 2128 garda,
342 2089 533 2119 Denariorum
549 2088 682 2120 Summas
697 2091 730 2121 &
741 2090 937 2122 Allocationes
950 2094 1062 2131 prefato
1071 2095 1186 2124 Ricardo
1196 2098 1280 2124 Youn-

215 2141 248 2168 ge
273 2127 366 2158 Militi
389 2128 420 2159 &
445 2126 593 2158 Bai-onetto
613 2129 646 2159 &
671 2128 824 2165 Affignatis
847 2130 912 2168 suis,
933 2131 1042 2169 singulis
1062 2133 1152 2163 Annis
1173 2134 1279 2164 abhinc

216 2168 463 2206 subsequentibus,
482 2166 600 2197 durante
613 2167 688 2197 dieta
704 2167 878 2207 suspensione
892 2170 1012 2207 predicti
1022 2173 1128 2209 Georgii
1142 2175 1231 2208 Mynn
1243 2173 1280 2203 ab

217 2207 352 2238 exercitio
367 2207 400 2237 &
415 2207 582 2236 executione
598 2205 700 2236 Officii
716 2207 854 2245 predicti,
872 2207 908 2238 de
923 2208 1071 2247 Exitibus,
1090 2209 1230 2242 Proficuis
1245 2212 1280 2242 δε

219 2245 453 2277 Reventionibus
475 2244 510 2274 de
533 2243 700 2282 Hanaperio
721 2244 819 2276 nostro
841 2247 972 2283 predidm
994 2250 1227 2288 provenientibus
1247 2251 1281 2281 &

217 2284 424 2321 crescentibus,
445 2293 493 2321 per
508 2292 606 2313 manus
619 2283 678 2313 suas
694 2285 832 2321 proprias,
849 2285 882 2315 &
896 2296 924 2315 in
942 2288 1074 2317 manibus
1094 2288 1147 2318 suis
1163 2289 1282 2327 propriis

218 2322 391 2360 retinendis,
410 2322 444 2352 ad
461 2320 530 2352 festa
546 2323 643 2351 SanHi
666 2323 812 2352 Michaelis
833 2323 1021 2363 Archangeli,
1043 2327 1160 2356 Natalis
1184 2331 1280 2358 Domi-

219 2365 265 2399 ni,
285 2363 521 2390 Annuntiationis
536 2359 613 2389 beate
631 2363 725 2389 Marie
741 2365 857 2398 Virginis
879 2363 912 2393 &
931 2363 1099 2395 Nativitatis
1119 2368 1213 2396 sancii
1225 2366 1282 2405 Jo-

220 2400 322 2431 bannis
334 2399 461 2438 Baptiste
475 2409 523 2436 per
537 2399 647 2437 equales
662 2401 820 2438 portiones,
842 2411 965 2431 unacum
983 2404 1120 2434 omnibus
1134 2406 1192 2435 aliis
1209 2405 1281 2435 Pro-

218 2439 320 2475 ficuis,
336 2437 456 2475 Feouis,
477 2437 633 2475 Regardis,
655 2438 834 2476 Privilegiis,
858 2440 1058 2480 Advantagiis,
1077 2442 1281 2474 Commodita-

218 2479 293 2508 tibus
309 2478 341 2506 &
358 2476 572 2506 Emolumentis
585 2476 799 2516 quibuscunque
816 2478 909 2508 eidem
927 2478 1280 2518 Offic.01peetantibusii-

217 2527 255 2546 ve
269 2516 475 2553 pertinentibus
492 2515 547 2544 sive
562 2515 715 2553 aliqualiter
730 2518 887 2553 annexatis,
906 2518 933 2546 in
948 2527 1007 2548 tam
1023 2520 1124 2556 amplis
1139 2522 1229 2551 modo
1244 2523 1277 2552 &

219 2555 331 2590 fornia,
353 2563 436 2591 prout
453 2554 594 2591 predictus
608 2553 724 2582 Thomas
739 2554 885 2584 cram-well
898 2558 1043 2593 quondam
1059 2559 1102 2588 vel
1124 2569 1213 2596 nuper
1231 2564 1281 2589 Co-

218 2604 272 2623 mes
285 2591 385 2630 Effix,
405 2591 562 2631 Radulphus
577 2592 681 2621 Sadlier
699 2591 784 2622 Miles
800 2595 833 2624 &
849 2593 996 2632 Johannes
1020 2596 1124 2634 Hales,
1149 2607 1197 2628 aut
1214 2607 1279 2636 pre-

218 2631 269 2662 fati
284 2630 438 2670 Radnlphus
456 2630 561 2660 Sacllicr
577 2633 609 2662 &
626 2631 783 2669 Francijcus
801 2633 918 2670 Kempe,
938 2643 983 2663 aut
1006 2637 1103 2671 prefati
1123 2637 1280 2675 Radulphus

219 2670 325 2699 Suu'sirr
342 2672 373 2700 &c
390 2672 522 2698 Henricus
538 2668 662 2706 Sadlier,
680 2678 725 2699 aut
742 2670 889 2699 Arnala'us
905 2671 1092 2711 Oldisworth‚
1118 2684 1166 2705 aut
1189 2675 1283 2712 prefa-

219 2717 266 2739 tus
281 2711 407 2744 Georgius
427 2710 514 2744 Mynn
531 2715 576 2736 aut
591 2717 693 2737 eorum
709 2707 825 2745 aliquis,
845 2719 891 2738 aut
904 2710 1002 2747 aliquis
1017 2713 1084 2741 alius
1098 2712 1204 2743 Custos
1225 2714 1281 2745 live

219 2746 352 2777 Clericus
368 2745 520 2782 llinapcrii
535 2745 653 2782 predicti
668 2755 720 2782 pro
736 2755 866 2783 tempore
883 2749 1033 2786 existente,
1055 2759 1100 2779 aut
1123 2752 1281 2787 predictum

218 2785 361 2816 Or'iiciuzu
388 2783 524 2813 Custodis
550 2783 604 2812 live
633 2782 742 2814 Clerici
768 2784 920 2823 Hanaperii
948 2788 1067 2825 predicti
1094 2788 1200 2819 habens
1225 2791 1281 2821 sive

224 2833 376 2892 exceirceus,
394 2824 489 2853 liabuit
504 2823 537 2853 δί
553 2823 696 2861 percepit,
717 2822 761 2853 vel
778 2823 880 2854 habere
895 2826 927 2855 &
944 2827 1086 2863 percipere
1107 2828 1240 2866 potuisset
1254 2831 1283 2860 in

221 2872 258 2893 eo
279 2872 335 2892 ein.
954 2869 957 2874 ·

258 2901 296 2930 Et
312 2898 419 2938 insuper
433 2899 468 2929 de
485 2899 609 2929 uberiori
625 2899 715 2935 gratia
732 2899 844 2937 nostra,
863 2911 911 2938 per
925 2902 1036 2932 easdem
1059 2903 1165 2934 Literas
1180 2905 1285 2936 nostras

218 2939 368 2976 Parentes,
393 2938 561 2968 Dederimus
575 2938 608 2968 &
621 2937 869 2977 Concesserimus,
887 2950 939 2978 pro
950 2940 1060 2979 Nobis,
1074 2942 1236 2974 Heredibus
1251 2946 1283 2976 ὃς

222 2978 440 3008 Successoribus
455 2975 571 3012 nostris,
590 2976 700 3013 prefato
717 2978 835 3007 Ricardo
853 2982 952 3015 Younge
975 2979 1063 3010 Militi
1080 2983 1112 3011 ὃς
1132 2982 1284 3014 Batonetto

219 3018 253 3049 ὃς
277 3016 426 3054 Alliguatis
447 3015 518 3052 suis,
543 3015 704 3053 predictum
726 3017 878 3046 annualem
902 3017 1061 3048 Redditutn
1085 3020 1285 3058 deraginta

220 3055 354 3084 fibrarum
369 3054 462 3092 legalis
479 3054 599 3083 Monere
618 3053 722 3091 Anglie
736 3076 744 3092 ,
770 3054 948 3086 Habeiiduni
970 3059 1002 3087 δε
1029 3068 1171 3088 annuatim
1194 3062 1286 3097 perci—

224 3094 365 3131 piendum
389 3092 548 3132 prediclum
571 3095 718 3122 annualem
741 3093 881 3124 redditum
914 3095 1116 3131 Quadraginta„
1133 3098 1288 3137 librarum,

225 3132 336 3169 ptesato
359 3130 475 3161 Ricardo
499 3134 598 3167 stringe
620 3129 758 3162 Militi&
778 3132 929 3163 Ba:·‹›nerto
945 3135 976 3163 ἃ
1002 3134 1150 3173 Affignatis
1166 3137 1236 3175 suis,
1251 3138 1287 3169 de

226 3170 358 3200 Exitibus
372 3173 403 3200 &e
424 3169 656 3198 Reventionibus
671 3168 828 3206 Hanaperii
845 3172 967 3208 predicti
983 3176 1230 3213 provenientibus,
1240 3186 1288 3213 per

225 3218 325 3237 manus
339 3208 395 3238 suas
410 3208 534 3244 proprias
549 3208 581 3237 ὃ(
600 3217 627 3236 in
644 3209 773 3238 manibus
786 3211 838 3238 suis
853 3211 971 3246 propriis
986 3211 1155 3248 retinendis,
1169 3213 1288 3245 durante

225 3247 352 3283 predicta
365 3246 536 3282 suspensione
554 3246 653 3282 prefati
667 3248 773 3282 Georgii
790 3250 878 3284 Myrm
899 3248 935 3276 ab
959 3247 1069 3278 Officio
1089 3251 1239 3289 predicto,
1259 3262 1290 3283 ut

224 3285 362 3323 prefertur
374 3306 383 3321 ,
400 3284 434 3314 ad
449 3283 529 3314 Festa
543 3285 638 3313 Samii
654 3283 797 3314 Michaelis
810 3285 998 3322 Archangeli,
1022 3288 1138 3317 Natalis
1160 3293 1289 3329 Domini,

226 3325 458 3353 Annuntiationis
473 3322 550 3351 beate
559 3325 653 3352 Marie
669 3325 789 3359 Virginis
802 3325 835 3354 δε
851 3325 1028 3353 Nativitatt‘s
1041 3328 1135 3355 Santli
1146 3327 1289 3366 Johannis

228 3360 369 3400 Baptiste,
398 3369 445 3397 per
466 3362 576 3398 equales
599 3362 748 3399 portiones
774 3362 963 3399 solvendum,
990 3363 1086 3394 Prima
1106 3365 1209 3396 solutio
1226 3368 1291 3398 inde

227 3400 391 3439 incipienda
415 3397 450 3427 ad
476 3398 589 3428 Festum
616 3400 711 3428 Sam‘li
734 3399 881 3429 Michaelis
906 3401 1075 3438 Archangeli
1097 3407 1229 3442 proxime
1248 3406 1288 3435 se-

226 3447 364 3476 quentem
396 3435 460 3474 post
491 3435 586 3467 datam
613 3438 766 3468 earundem
800 3438 963 3468 Literarum
995 3440 1154 3472 nostrarum
1189 3443 1292 3474 Paten-

230 3485 311 3507 tium.

269 3514 407 3551 Cumque
422 3511 491 3542 Nos
508 3513 613 3550 etiarn,
628 3524 678 3553 per
694 3514 808 3545 easdem
819 3514 927 3545 Literas
941 3515 1046 3545 nostras
1056 3516 1291 3555 Patente3,men-

230 3553 388 3588 tionantes,
405 3551 483 3589 quod
508 3551 573 3580 Nos
593 3553 799 3583 considerantes
819 3553 956 3583 immensa
982 3556 1079 3585 Onera
1095 3557 1127 3585 &
1153 3556 1292 3593 hxpensas

230 3600 285 3628 que
300 3590 441 3627 predicms
455 3589 587 3631 Ricai3dus
601 3593 699 3627 Younge
717 3591 803 3621 Miles
818 3593 851 3622 &
875 3591 1055 3631 Baroiiettus,
1079 3603 1126 3623 aut
1153 3594 1288 3634 Allignati

228 3629 266 3659 sui
283 3637 328 3658 aut
348 3627 502 3665 Deputatus
524 3630 580 3657 sive
603 3627 741 3664 Deputiti
767 3630 804 3659 sui
812 3651 822 3667 ,
836 3631 1041 3668 expectando,
1068 3633 1291 3665 inserviendo&

231 3666 386 3704 equitando
402 3674 470 3694 cum
489 3663 670 3705 Cancellario
686 3667 786 3703 Aiiglie
807 3677 855 3697 aut
870 3678 940 3699 cum
965 3668 1096 3699 Custode
1121 3670 1224 3709 Magni
1245 3673 1290 3702 Si-

229 3706 292 3741 gilli
312 3703 399 3733 nostri
411 3703 562 3732 Heredum
579 3704 611 3733 &
629 3705 830 3736 Successor-iim
847 3710 1011 3737 nostrorum
1032 3708 1078 3745 qui
1093 3719 1142 3744 pro
1159 3719 1290 3749 tempore

232 3744 344 3779 forent,
360 3742 470 3783 „ratione
485 3742 518 3781 ὅς
533 3744 611 3771 caula
627 3742 729 3773 Officii
744 3744 880 3781 predic‘ti,
899 3745 1040 3775 sustineret
1057 3747 1101 3775 vel
1115 3747 1290 3785 sustinerent,

232 3782 268 3812 de
282 3781 370 3820 gratia
385 3778 480 3809 nostra
499 3780 624 3816 speciali,
643 3781 676 3809 &
694 3783 721 3809 in
743 3782 876 3811 auxilium
897 3785 928 3813 ὅ(
949 3784 1190 3820 supportationem
1207 3786 1290 3816 One-

231 3829 296 3849 rum
307 3842 316 3856 ,
335 3817 538 3856 Cullagioium
555 3820 587 3849 ὃ(
602 3817 792 3854 Expensarum
808 3821 922 3850 suorum
932 3843 940 3857 ,
950 3830 998 3859 per
1009 3823 1097 3853 dictas
1112 3823 1220 3854 Literas
1235 3835 1290 3854 no-

231 3858 298 3887 stras
319 3855 649 3898 Parentespedenmus,
667 3858 699 3886 ὃς
713 3857 1021 3897 Coiicelleriinus,pi·0
1037 3860 1152 3897 Nobis,
1170 3862 1290 3893 Heredi-

232 3897 285 3926 bus
299 3896 331 3926 ὃ(
348 3894 564 3934 δυςςοΗ-υτιὶως
581 3895 695 3931 nostris,
714 3895 807 3924 eidem
823 3898 937 3926 Ricurdo
956 3902 1056 3935 Yomige
1086 3899 1171 3929 Militi
1189 3902 1222 3932 &
1241 3902 1291 3931 Ba-

227 3943 344 3963 tonem>
360 3935 391 3964 ὅ(
414 3934 562 3973 Aiiig'natis
578 3932 646 3967 suis,
666 3932 781 3963 durante
796 3933 870 3963 dicta
885 3934 1056 3971 suspensione
1080 3938 1177 3976 prefati
1205 3943 1290 3969 Geor-

225 3976 263 4009 gii
280 3975 365 4011 Azy-m
381 3975 416 4002 ab
436 3969 547 4000 O'rncio
566 3972 715 4008 predicto,
739 3980 767 4001 ut
790 3972 947 4009 prefertur,
973 3975 1115 4011 predictos
1127 3979 1226 4007 Decem
1244 3976 1283 4012 &-

667 67 1482 117 CONVENTIONES,

39 160 168 195 AnnD.
189 160 258 191 Nos
286 169 333 198 per
358 158 465 192 eisdem
492 158 602 189 Literas
624 158 730 188 nostras
753 159 884 190 Parentes
908 169 1048 190 maturam
1073 159 1107 189 δε
1131 156 1255 195 regalem
1294 156 1352 184 ocio
1369 154 1512 184 Denarios
1528 164 1576 193 per
1591 155 1690 192 diem,
1708 153 1860 192 videlicet,
1877 164 1931 192 pro
1946 154 2077 195 quolibet
2093 151 2159 191 die,
2173 161 2233 192 quo

1567 67 1950 122 LITERAE,

1296 194 1314 210 ⁴⁸
1338 197 1471 223 Ricara'us
1482 197 1581 231 Younge
1600 193 1686 224 Miles
1704 194 1735 223 δε
1754 192 1920 224 Batonettus
1934 203 1981 224 aut
1995 195 2053 232 ejus
2068 193 2229 230 Deputatus

2248 150 2371 190 prefatug
2383 141 2458 174 Afln.
2469 142 2515 177 D-

2242 193 2298 221 sive
2307 189 2374 220 De·-
2406 183 2492 221 1635·

1302 233 1410 269 putati,
1429 241 1498 262 curn
1520 232 1629 269 prefato
1645 232 1830 262 Cancellario
1845 231 1948 269 Anglii
1971 241 2017 262 aut
2044 231 2174 262 Custode
2199 229 2303 267 Magni
2326 224 2428 266 Si·‘¹'²·
2452 231 2495 249 ¹¹·

1301 271 1361 310 gilli
1375 269 1482 308 nostri,
1496 268 1645 301 Heredum
1669 271 1700 301 ὅ(
1724 270 1927 300 Succefforum
1950 270 2132 307 nostrorum,

2160 280 2214 306 pro
2235 262 2439 304 tempm-eCar.
2461 269 2483 287 i.

1302 308 1457 346 existente,
1477 319 1529 346 pro
1546 310 1681 339 exercitio
1699 309 1731 339 δε
1749 309 1941 347 occupatione
1953 309 2024 339 dieti
2040 308 2142 339 Officii
2157 306 2296 338 Custodis
2312 305 2369 348 sive
2381 298 2395 312 *
2407 298 2490 325 XIX-

1304 346 1410 376 Clerici
1426 347 1579 384 Hanaperii
1594 347 1769 377 Cancellarie
1784 346 1926 390 predffite,
1952 348 2103 385 equitaret,
2129 347 2291 384 inserviret,
2307 346 2365 381 sive
2411 343 2479 372 7¹3·

1303 385 1461 421 expectaret
1471 408 1480 422 ‚
1497 394 1544 415 aut
1560 387 1588 414 in
1602 385 1707 416 eodem
1723 385 1835 415 Officro
1850 394 2007 422 occupatus
2020 385 2114 422 foret,
2132 386 2306 423 equitarent,
2322 384 2369 412 in·

1305 422 1438 453 servirent
1456 426 1489 455 ὅ(
1508 424 1704 461 expectarent,
1723 433 1768 454 aut
1789 426 1819 453 in
1835 423 1938 453 eodem
1962 423 2076 455 Officio
2095 424 2230 460 occupati
2251 422 2368 458 forent,

1306 460 1437 491 Necnon
1467 462 1580 491 eosdem
1612 465 1710 491 Decem
1734 460 1772 496 &¹
1804 463 1860 492 οἱῖο
1883 465 2019 491 Denarios
2044 472 2092 503 per
2120 462 2198 491 diem
2216 483 2227 499 ,
2263 470 2297 492 ac
2324 466 2369 490 tot

1305 500 1339 531 &
1374 509 1462 529 tantas
1488 500 1689 532 Denariorum,
1709 500 1832 531 summas
1849 523 1860 538 ,
1897 501 1931 530 ad
1953 508 2024 540 quot
2051 503 2085 533 ὃς
2108 508 2246 538 quantum
2268 503 2368 529 Decem

1307 537 1346 573 ὠ
1361 539 1418 567 octo
1435 541 1554 567 Denarii
1567 548 1615 575 per
1631 537 1709 568 diem
1729 561 1739 574 ,
1775 548 1828 576 pro
1843 539 1972 576 quolibet
1991 539 2037 570 die
2055 563 2065 578 ,
2101 548 2160 578 quo
2180 537 2303 576 prefatus
2317 539 2368 566 Ri-

1308 577 1402 605 cardus
1428 580 1529 614 Younge
1552 576 1639 606 Miles
1655 578 1687 607 &
1710 576 1873 608 Batonettus
1892 586 1940 609 aut
1967 578 2108 615 Assignati
2134 577 2173 608 sui
2191 599 2202 615 ,
2239 585 2285 607 aut
2308 575 2374 605 De-

1307 624 1422 654 putatus
1447 615 1503 645 five
1533 614 1671 653 Deputati
1694 615 1736 645 sui
1754 637 1765 652 ‚
1801 617 1869 646 cum
1891 615 1974 647 dicto
1999 615 2178 647 Cancellario
2201 615 2300 646 nostro
2322 622 2370 645 aut

1311 653 1442 684 Custode
1465 654 1574 691 Magni
1594 654 1687 690 Sigilli
1707 653 1797 683 nostri
1815 676 1825 692 ,
1861 653 2008 686 Heredum
2030 657 2063 687 &
2093 653 2295 686 Succefforum
2318 663 2373 683 no-

1308 691 1434 722 strorum
1451 702 1504 730 pro
1526 700 1656 732 tempore
1670 691 1803 723 existente
1823 714 1833 730 ‚
1869 701 1899 723 ut
1921 694 2084 731 prediCtum
2103 693 2146 724 est
2162 715 2172 732 ,
2206 694 2345 732 equitaret
2363 713 2375 727 ³

1309 731 1458 762 inserviret
1480 732 1513 762 ὅτ,
1536 731 1696 770 expectaret
1714 753 1724 769 ,
1760 730 1816 761 five
1837 731 1868 760 in
1888 732 1994 762 eodem
2016 732 2129 763 Officio
2149 741 2303 772 occupatus
2327 732 2374 761 fo-

1312 778 1370 808 ret,
1386 770 1432 800 vel
1448 771 1604 808 equitarent
1613 793 1623 808 ,
1643 769 1806 800 inservirent
1820 770 1853 801 &
1867 770 2067 809 expectarent,
2081 772 2138 802 sive
2152 772 2182 800 in
2194 771 2298 802 eodem
2313 769 2376 801 Of-

1311 807 1381 838 ficio
1401 809 1533 846 occupati
1547 808 1643 838 forent
1652 830 1662 846 ,
1679 808 1705 838 se
1719 807 1902 839 extenderent
1910 808 2021 846 ,eidem
2034 811 2151 840 Ricardo
2167 812 2268 847 Younge
2279 809 2374 840 Militi

1313 846 1347 876 &
1362 846 1515 878 Batonetto
1532 849 1565 878 δε
1581 846 1731 884 Affignatis
1744 846 1812 885 suis,
1833 847 1949 877 durante
1965 846 2041 877 dicta
2055 847 2230 885 suspensione
2244 849 2369 886 predicti

1314 887 1422 922 Georgii
1437 889 1529 925 Mynn
1544 886 1579 916 ab
1596 885 1709 916 Officio
1722 885 1870 924 predicto,
1895 884 2066 916 Dederimus
2087 886 2121 916 δε
2141 886 2374 918 concesserimus

1315 933 1365 962 per
1382 924 1520 962 predictas
1535 924 1641 954 Literas
1663 924 1771 954 nostras
1791 923 1937 962 Parentes.)
1962 923 2141 955 Habendum
2160 927 2194 957 ὃς
2215 926 2374 957 Annuatim

1313 964 1527 1000 percipiendum
1544 963 1685 1000 predidms
1700 966 1798 992 Decem
1813 961 1851 996 ὠ·
1875 964 1933 993 οέῗο
1950 965 2087 994 Denarios
2107 963 2197 993 modo
2220 966 2253 996 &
2274 965 2374 996 forma

1313 1001 1451 1038 predictis
1466 1001 1631 1040 concessos,
1649 1001 1744 1031 eidem
1760 1001 1877 1030 Ricardo
1892 1005 1992 1039 Younge
2013 1001 2104 1032 Militi
2119 1003 2152 1032 &
2167 1001 2323 1034 Baronetto
2337 1005 2373 1035 δὲ

1315 1038 1470 1077 Affignatis
1491 1041 1543 1071 suis
1557 1062 1567 1078 ,
1596 1040 1713 1070 durante
1736 1039 1810 1070 dieta
1829 1039 2002 1077 suspensione
2020 1040 2139 1078 prediCti
2159 1043 2264 1078 Georgii
2285 1045 2324 1071 M
2337 1053 2376 1073 nn

1314 1079 1350 1107 ab
1374 1080 1540 1109 executione
1562 1078 1666 1109 Officii
1689 1078 1828 1116 predicti,
1845 1087 1875 1109 ut
1889 1078 2049 1116 prefertur,
2064 1079 2100 1109 de
2122 1079 2251 1110 Exitibus
2263 1080 2296 1111 &
2311 1053 2374 1112 Ιέε-

1314 1118 1497 1147 ventionibus
1522 1117 1645 1154 ejusdem
1679 1117 1833 1154 Hanaperii
1866 1119 2096 1154 provenientibus
2120 1119 2154 1149 δε
2187 1119 2376 1151 crescentibus

1314 1164 1363 1192 per
1395 1165 1495 1186 manus
1521 1157 1579 1186 suas
1608 1157 1732 1194 proprias
1749 1178 1761 1194 ,
1795 1156 1829 1187 δε
1857 1157 1889 1186 in
1916 1158 2048 1188 manibus
2074 1157 2129 1188 suis
2157 1158 2279 1195 propriis
2303 1159 2374 1195 reti-

1313 1193 1422 1224 nendis.
2061 1231 2065 1234 Δ

1351 1231 1389 1263 Et
1410 1233 1520 1271 insuper
1540 1243 1590 1272 per
1611 1234 1700 1265 dietas
1721 1233 1828 1265 Literas
1851 1234 1960 1266 nostras
1979 1234 2322 1274 PatentesVoluerimuS,
2340 1238 2376 1269 &

1315 1281 1369 1308 pro
1385 1271 1503 1311 Nobis,
1522 1272 1685 1304 Heredibus
1699 1275 1731 1305 &
1753 1273 1968 1305 Successoribus
1983 1274 2101 1313 nostris,
2121 1275 2375 1314 Concefferimus‚

1313 1310 1393 1348 quod
1409 1311 1600 1342 Cancellarius
1611 1312 1716 1350 Anglie
1729 1313 1773 1343 vel
1791 1311 1898 1343 Custos
1922 1312 2023 1352 Magni
2045 1313 2134 1353 Sigilli
2150 1314 2256 1353 nostri,
2281 1314 2378 1346 Here—

1313 1352 1383 1379 dum
1402 1351 1435 1380 &
1447 1350 1647 1381 Succesl‘orum
1664 1350 1826 1381 nostrorum
1839 1352 1887 1389 qui
1903 1361 1955 1389 pro
1969 1361 2101 1389 tempore
2115 1352 2205 1390 foret,
2224 1362 2284 1391 tot,
2300 1362 2376 1384 tanta

1316 1388 1429 1419 &talia
1453 1390 1549 1419 brevia
1572 1389 1663 1420 nostra
1683 1389 1833 1421 Heredum
1855 1390 1889 1420 &
1910 1390 2115 1421 Successorum
2136 1391 2318 1430 nostrorum,
2343 1392 2378 1423 δε

1316 1427 1368 1457 alia
1382 1428 1423 1458 W
1427 1437 1534 1458 arranta
1543 1450 1552 1466 ,
1570 1428 1771 1458 certitudinem
1785 1430 1820 1460 &
1836 1437 1947 1459 certum
1963 1439 2113 1459 numerum
2128 1430 2258 1468 dierum,
2273 1431 2378 1468 quibus

1318 1465 1440 1504 prefatus
1455 1467 1586 1496 Ricardus
1601 1471 1702 1505 Younge
1717 1467 1803 1497 Miles
1817 1468 1850 1499 &
1864 1466 2031 1498 Batonettus
2046 1469 2078 1499 &
2097 1467 2237 1506 Assignati
2251 1469 2309 1508 sui,
2327 1477 2378 1500 aut

1318 1505 1476 1542 Deputatus
1489 1506 1546 1536 sive
1562 1504 1697 1543 Deputati
1713 1506 1771 1544 sui,
1790 1515 1858 1536 cum
1878 1505 2059 1537 Cancellario
2083 1507 2187 1544 Anglie
2207 1516 2254 1537 aut
2268 1506 2379 1538 Custo—

1316 1544 1352 1574 de
1370 1544 1475 1583 Magni
1490 1545 1581 1583 Sigilli
1596 1544 1703 1582 nostri,
1721 1544 1872 1575 Heredum
1887 1545 1919 1575 &
1934 1544 2136 1575 Successorurn
2151 1545 2333 1584 nostrorum,
2346 1555 2380 1577 ut

1317 1582 1477 1620 preiliEtum
1495 1586 1555 1621 el't,
1574 1585 1730 1621 equitaret,
1748 1583 1934 1614 inserviret&
1948 1584 2192 1621 expectaret‚s1ve
2205 1585 2234 1614 in
2248 1585 2379 1622 predi&o

1317 1621 1431 1652 Officio
1449 1631 1606 1660 occupatus
1624 1622 1716 1659 foret,
1741 1623 1910 1660 equitarent,
1936 1622 2099 1652 inservirent
2118 1623 2165 1653 vel
2186 1624 2385 1662 expediarent,

1320 1660 1379 1693 rive
1399 1662 1427 1690 in
1444 1666 1548 1692 eoe'em
1565 1661 1677 1691 Officio
1692 1662 1825 1700 occupati
1842 1660 1953 1698 forent,
1979 1662 2172 1698 continentia,
2193 1661 2384 1693 Thesaurario

1322 1701 1355 1731 δε
1371 1699 1528 1730 Batonibus
1543 1700 1684 1730 Scaccarii
1697 1699 1804 1738 nostri,
1820 1699 1973 1730 Heredum
1990 1700 2022 1730 δε
2042 1699 2247 1731 Succefforum
2263 1701 2380 1732 nostro-

1320 1749 1398 1776 rum,
1417 1749 1464 1770 aut
1477 1738 1611 1769 Gener-ali
1627 1738 1804 1776 Supervisbri
1820 1746 1957 1769 terrarum
1979 1737 2158 1774 nostrarum,
2176 1738 2326 1771 Heredum
2347 1740 2383 1770 &

1318 1777 1521 1808 Succell'orum
1535 1777 1715 1815 nostrorum,
1757 1786 1792 1807 ro
1815 1785 1947 1815 ternpore
1963 1777 2117 1816 existente,
2141 1786 2190 1809 aut
2208 1777 2385 1816 quibuscun-

1321 1827 1376 1854 que
1397 1817 1457 1846 aliis
1479 1827 1600 1854 quorum
1621 1817 1709 1846 intere
1734 1823 1786 1855 et,
1815 1817 1852 1846 de
1872 1825 2004 1856 ternpore
2025 1817 2055 1846 in
2079 1825 2193 1854 tempus
2216 1817 2387 1857 dirigenda,

1320 1863 1408 1894 quot,
1426 1856 1517 1893 qualia
1531 1857 1564 1886 &
1579 1863 1682 1894 quanta
1697 1855 1791 1885 eidem
1805 1854 1922 1884 Ricardo
1946 1857 2045 1892 Younge
2063 1854 2155 1886 Militi
2175 1856 2209 1887 ὅτ.
2228 1855 2384 1887 Batonetto

1323 1895 1356 1924 ὃς
1381 1894 1536 1931 Assignatis
1553 1893 1605 1924 suis
1624 1917 1634 1934 ,
1673 1902 1722 1925 aut
1743 1892 1893 1931 Deputato
1906 1894 1963 1924 sive
1984 1893 2132 1932 Deputatis
2155 1894 2208 1925 suis
2226 1918 2237 1934 ,
2273 1897 2304 1925 in
2327 1896 2387 1930 ⁴hac

1320 1941 1397 1974 parte
1420 1933 1572 1964 necessaria
1592 1935 1686 1965 sorent
1709 1933 1742 1965 &
1765 1933 1867 1964 idonea
1885 1955 1896 1971 ‚
1931 1932 1967 1964 de
1993 1941 2125 1971 ternpore
2149 1933 2178 1962 in
2203 1941 2317 1972 tempus
2337 1934 2389 1965 fie-

1321 1973 1345 2002 ri
1372 1974 1497 2003 facerent
1525 1973 1557 2003 &
1589 1972 1774 2002 deliberarent
1798 1994 1808 2010 ,
1845 1980 1896 2009 per
1918 1981 1975 2009 que
2005 1972 2119 2011 quidem
2142 1971 2239 2003 brevia
2269 1975 2302 2005 &
2331 1973 2385 2005 alia

1320 2010 1472 2042 Warranta
1488 2011 1669 2043 Voluerirnus
1688 2012 1722 2042 &
1740 2009 1974 2041 concesserimus
1987 2019 2036 2048 per
2054 2011 2194 2048 predictas
2209 2011 2316 2043 Literas
2331 2011 2387 2045 Pa-

1318 2058 1406 2081 tentes
1434 2049 1544 2081 nostras
1565 2073 1575 2088 ,
1611 2060 1663 2088 pro
1685 2049 1786 2080 Nobis
1800 2072 1810 2088 ,
1847 2048 2010 2081 Heredibus
2033 2050 2067 2082 &
2090 2049 2307 2082 Succefforibus
2328 2060 2384 2082 no-

1318 2089 1377 2119 stris
1394 2112 1405 2128 ,
1440 2089 1518 2129 quod
1540 2089 1641 2127 prefati
1662 2087 1866 2119 Thesaurai·ius
1887 2089 1920 2119 &
1940 2087 2063 2120 Barones
2088 2097 2136 2120 aut
2155 2089 2298 2128 generales
2326 2089 2382 2122 Su-

1317 2128 1470 2167 pervisores
1506 2137 1645 2159 terrarum
1681 2127 1839 2158 nostrarum
1874 2136 1929 2166 pro
1963 2135 2096 2166 tempore
2130 2127 2268 2160 existente
2289 2152 2300 2167 ,
2336 2139 2384 2162 aut

1320 2170 1483 2206 quicunque
1508 2167 1554 2197 alii
1577 2176 1700 2206 quorum
1726 2167 1869 2197 interesset
1887 2189 1897 2205 ‚
1934 2166 2029 2197 eidem
2048 2167 2169 2197 Ricardo
2196 2169 2299 2205 Younge
2318 2166 2385 2198 Mi—

1324 2207 1367 2238 liti
1383 2207 1416 2237 &
1436 2206 1589 2237 Batonetto
1608 2207 1641 2238 &
1661 2204 1814 2243 Affignatis
1831 2205 1902 2244 suis,
1927 2205 1964 2235 de
1983 2214 2115 2243 tempore
2139 2207 2170 2236 in
2196 2213 2329 2245 tempus,
2350 2206 2388 2237 de

1323 2246 1357 2277 &
1387 2246 1465 2283 super
1489 2246 1625 2275 omnibus
1651 2245 1684 2275 &
1710 2244 1826 2281 finguljs
1846 2243 1984 2281 premiffis
2008 2244 2140 2275 debitam
2158 2244 2284 2275 facerent
2302 2245 2332 2275 in
2350 2255 2385 2277 ea

1322 2293 1401 2322 parte
1420 2284 1636 2315 Allocationern
1653 2283 1686 2314 ὃ(
1706 2282 1966 2320 Exonerationem,
1997 2291 2081 2322 prout
2107 2293 2156 2321 per
2180 2283 2289 2314 easdem
2307 2283 2388 2316 Lite-

1323 2334 1364 2354 ras
1382 2322 1490 2353 nostras
1511 2323 1641 2353 Parentes
1661 2323 1733 2352 inter
1750 2322 1801 2353 alia
1818 2321 1927 2359 plenius
1944 2321 2033 2360 liquet
2050 2322 2084 2352 &
2102 2330 2222 2361 apparet.

1361 2361 1499 2400 Cumque
1511 2361 1634 2401 prefatus
1645 2360 1765 2391 serviens
1779 2359 1875 2391 noster
1888 2361 2020 2390 Ricardus
2042 2363 2142 2399 Younge
2166 2360 2255 2392 Miles
2272 2362 2307 2394 &
2328 2360 2383 2393 Ba-*

1321 2410 1465 2438 ronettus,
1482 2401 1567 2430 nobis
1580 2400 1726 2430 humiliter
1741 2399 1922 2438 supplicavit,
1942 2399 2020 2437 quod
2041 2408 2093 2436 pro
2110 2399 2230 2430 meliore
2248 2400 2299 2431 suo
2312 2408 2387 2432 tuta-

1322 2441 1400 2470 mine
1416 2441 1445 2470 in
1461 2440 1628 2470 executione
1644 2438 1747 2469 Officii
1760 2438 1897 2476 predicti,
1915 2439 1946 2467 in
1961 2437 2058 2468 Feoda
2068 2439 2275 2470 tantummodo
2288 2439 2385 2470 eidem

1322 2478 1437 2508 Officio
1451 2478 1546 2508 debita
1562 2478 1595 2508 &
1612 2478 1689 2508 licita
1703 2476 1857 2515 capienda,
1875 2486 1928 2507 nos
1950 2476 2107 2506 eorundem
2117 2485 2120 2488 ’
2131 2475 2294 2508 Feodorum
2309 2478 2386 2509 Exa-

1322 2518 1510 2548 minationem
1527 2517 1667 2554 aliquibus
1686 2515 1722 2545 de
1748 2514 1883 2546 Consilio
1905 2513 2005 2545 nostro
2025 2514 2143 2546 Privato
2166 2514 2308 2548 Dominis
2329 2517 2382 2547 de-

1322 2556 1455 2586 mand-are
1479 2555 1643 2586 Vellemus:
1666 2553 1788 2592 Nosque
1805 2554 1937 2591 petitioni
1960 2553 2032 2584 dieti
2055 2553 2197 2584 servientis
2220 2554 2309 2584 nostri
2329 2565 2382 2586 an-

1321 2603 1457 2632 nuentes,
1483 2594 1583 2624 eadem
1608 2593 1835 2631 predilectorum
1856 2592 1889 2623 &
1911 2591 2036 2622 fidelium
2059 2591 2305 2623 Conciliariorum
2328 2604 2384 2624 no-

1322 2633 1445 2663 strorum
1470 2632 1569 2661 Thome
1591 2635 1705 2661 Domini
1723 2635 1863 2669 coventry
1889 2629 2027 2660 Custodis
2051 2628 2155 2668 Magni
2177 2630 2268 2667 Sigilli
2289 2631 2383 2663 nostri

1324 2671 1446 2708 Anglie,
1468 2673 1583 2701 Henrici
1598 2672 1709 2699 Comitis
1724 2668 1895 2737 Manchgler
1909 2667 2049 2698 Custodis
2063 2668 2154 2708 Sigilli
2170 2668 2259 2699 nostri
2273 2669 2384 2702 Privati

1323 2710 1355 2740 &
1372 2709 1508 2747 Francifci
1524 2712 1635 2738 Domini
1650 2710 1809 2745 Cottington
1854 2706 1993 2737 ancellarii
2017 2705 2106 2737 Curie
2127 2707 2269 2738 Scaccarii
2291 2708 2385 2741 nostri

1323 2748 1524 2778 examinationi
1539 2747 1688 2777 committi
1709 2746 1844 2777 fecimus:
1866 2746 1929 2783 Qui
1948 2745 2159 2776 Premissorum
2178 2746 2331 2778 deliberata
2348 2751 2383 2781 δε

1324 2795 1432 2817 matura
1451 2786 1545 2816 habita
1562 2785 1804 2821 consideratione,
1822 2784 1858 2814 de
1879 2784 1980 2814 Feodis
1999 2785 2032 2815 &
2051 2783 2250 2816 Solutionibus
2273 2796 2288 2816 a
2308 2786 2384 2818 Sub-

1324 2825 1390 2855 ditis
1408 2824 1509 2855 nostris
1533 2824 1627 2854 eidem
1651 2824 1767 2852 Ricardo
1788 2826 1890 2860 Younge
1916 2822 2006 2853 Militi
2030 2823 2064 2853 δε
2085 2822 2241 2854 Baronetto
2261 2824 2383 2857 Clerico

1325 2863 1479 2901 Hanaperii
1496 2864 1525 2893 in
1544 2861 1651 2899 Anglia
1671 2863 1704 2892 &
1722 2861 1936 2893 successoribus
1953 2861 2005 2891 suls
2023 2861 2052 2891 in
2069 2861 2173 2892 eodem
2195 2862 2308 2894 Officio
2333 2865 2384 2895 de-

1326 2902 1392 2932 bitis
1420 2903 1453 2933 &
1472 2901 1635 2939 capiendis,
1660 2901 1688 2930 in
1715 2900 1860 2931 Schedula
1884 2899 2013 2938 expressis
2035 2901 2164 2930 manibus
2189 2901 2243 2932 suis
2265 2902 2385 2940 Signata

1325 2941 1423 2971 Nobis
1438 2939 1669 2978 certificaverint‚
1689 2948 1776 2976 prout
1792 2949 1842 2977 per
1859 2940 1980 2970 eandem
1997 2937 2169 2970 Schedulam
2187 2940 2231 2971 his
2248 2942 2385 2979 presenti-

1325 2981 1376 3010 bus
1394 2987 1558 3009 annexatam
1580 2978 1685 3015 plenius
1704 2979 1790 3016 liquet
1809 2978 1842 3008 ὃ(
1860 2986 1981 3017 apparet.

1363 3018 1462 3048 Sciatis
1478 3017 1555 3055 quod
1572 3017 1656 3054 Nos,
1673 3017 1796 3054 ejusdem
1814 3017 1927 3046 Ricardi
1944 3020 2045 3054 Younge
2067 3016 2171 3047 Militis
2187 3017 2220 3048 &
2233 3017 2383 3049 Batonetti

1327 3057 1418 3087 modo
1446 3056 1557 3087 Clerici
1584 3055 1740 3092 Hanaperii
1762 3054 1851 3085 nostri
1875 3055 2056 3086 Cancellarie
2077 3056 2121 3086 seu
2145 3055 2246 3085 Officii
2262 3056 2383 3093 predic‘ti

1326 3096 1540 3126 Executionem
1563 3095 1655 3124 modo
1680 3095 1810 3124 habentis
1830 3094 1963 3125 tutamini
1986 3095 2016 3124 in
2037 3093 2177 3124 Premiffis
2192 3095 2343 3132 providere
2365 3097 2383 3114 *¹
2399 3103 2413 3120 ι
2428 3102 2512 3131 XIX·

1327 3135 1479 3170 Volentes,
1497 3142 1530 3163 ac
1544 3132 1579 3163 ad
1593 3142 1696 3163 omnes
1712 3132 1886 3171 Questiones
1900 3133 1933 3162 δε
1950 3132 2151 3162 Dubitationes
2173 3132 2209 3162 de
2228 3133 2331 3164 Feodis
2349 3133 2382 3164 &

1326 3173 1520 3206 Solutionibus
1535 3181 1584 3209 per
1600 3172 1735 3202 Subditos
1750 3171 1863 3201 nostros
1886 3169 2036 3201 Heredum
2058 3171 2092 3200 &
2109 3170 2310 3201 Successorum
2330 3182 2385 3203 no-

1327 3210 1450 3240 strorum
1465 3210 1575 3248 prefato
1590 3211 1705 3239 Ricardo
1721 3212 1822 3245 Yotmge
1838 3207 1927 3238 Militi
1947 3210 1981 3240 ὃς
1995 3208 2167 3246 Batonetto,
2186 3210 2218 3240 &
2235 3209 2384 3247 hujusmo-

1326 3249 1356 3278 di
1373 3249 1489 3286 persone
1504 3250 1550 3279 vel
1567 3248 1689 3286 personis
1700 3248 1797 3287 quein
1812 3245 1944 3285 predicto
1962 3246 2074 3277 Officio
2095 3246 2205 3278 Clerici
2227 3247 2384 3287 Hanaperii

1328 3287 1519 3325 imposterum
1534 3287 1700 3323 succedant,
1721 3287 1755 3316 &
1769 3295 1823 3324 pro
1839 3294 1972 3322 tempore
1995 3284 2104 3315 Clerici
2126 3285 2281 3325 Hanaperii
2302 3288 2387 3319 fuerit

1327 3326 1373 3355 vel
1387 3326 1508 3363 fuerint,
1529 3325 1717 3361 decidendas,
1735 3323 1905 3354 dirimendas
1917 3323 1951 3354 ὃς
1973 3324 2151 3362 auferendas,
2168 3325 2203 3355 de
2221 3325 2309 3365 gratia
2330 3336 2386 3357 no-

1329 3363 1384 3394 stra
1397 3363 1525 3402 speciali,
1540 3374 1573 3393 ac
1589 3372 1624 3393 ex
1639 3363 1717 3393 certi}
1734 3361 1860 3392 Scientifr
1873 3363 1907 3393 &
1924 3371 2005 3392 mero
2019 3371 2102 3393 motu
2118 3363 2238 3403 nostris,
2256 3364 2383 3403 prediCta

1327 3404 1424 3432 omnia
1437 3404 1470 3433 &
1484 3403 1591 3441 fingula
1607 3401 1701 3432 Feoda
1716 3401 1749 3430 &
1763 3399 1928 3430 Solutiones
1942 3401 1970 3430 in
1985 3400 2086 3432 eadem
2102 3400 2246 3433 Schedula
2259 3403 2303 3433 his
2318 3412 2385 3440 pre-

1327 3439 1447 3470 sentibus
1465 3449 1614 3476 annexata,
1633 3438 1772 3476 expressa,
1800 3439 1833 3468 δε
1850 3438 1944 3469 Feoda
1958 3439 1991 3469 ὃς
2013 3439 2172 3470 Solutiones
2190 3441 2284 3472 eidem
2305 3440 2385 3471 Offi-

1328 3481 1377 3508 cio
1394 3479 1502 3509 Clerici
1516 3478 1673 3515 Hanaperii
1687 3478 1900 3514 imperpetuum
1916 3477 2012 3507 debita
2026 3478 2058 3508 &
2074 3478 2244 3517 spedlmntia,
2261 3489 2295 3509 ac
2308 3481 2338 3508 in
2348 3481 2384 3511 &

1328 3527 1381 3554 pro
1396 3518 1563 3547 executione
1578 3516 1698 3554 ejusdem
1712 3514 1815 3545 Officii
1832 3514 1972 3553 legittime
1993 3517 2175 3555 requirenda,
2198 3517 2335 3554 capienda
2350 3520 2385 3550 &

1329 3556 1478 3593 habenda,
1495 3565 1547 3592 pro
1566 3555 1665 3584 Nobis
1676 3577 1685 3590 ,
1703 3553 1864 3583 Heredibus
1880 3554 1913 3584 δε
1927 3553 2142 3584 Success'oribus
2155 3555 2256 3585 nostris
2290 3556 2387 3587 decla-

1330 3604 1423 3624 ramus
1437 3596 1470 3625 &
1487 3593 1687 3624 constituimus
1700 3601 1749 3630 per
1761 3591 1918 3634 presentes,
1937 3592 2092 3632 eademque
2108 3593 2200 3623 Feoda
2215 3595 2247 3625 &
2257 3577 2387 3625 §olutio-

1329 3643 1376 3663 nes
1391 3634 1423 3663 ὃς
1442 3642 1542 3661 eorum
1557 3631 1722 3669 quodlibet,
1741 3630 1836 3660 eidem
1850 3631 1968 3660 Ricardo
1984 3634 2084 3668 Younge
2101 3630 2193 3661 Militi
2208 3632 2240 3661 δε
2252 3632 2388 3664 Ramnet-

1329 3680 1360 3700 to
1380 3671 1473 3700 modo
1489 3668 1605 3699 Clerico
1614 3668 1769 3705 Hanaperii
1781 3668 1904 3706 predicti
1917 3670 1962 3699 seu
1977 3670 2047 3700 dieti
2063 3669 2165 3699 Officii
2173 3671 2387 3710 executionem,

1328 3718 1359 3739 ut
1375 3709 1510 3746 prefertur
1521 3730 1530 3744 ,
1547 3717 1625 3737 nunc
1639 3707 1774 3745 habenti,
1793 3717 1907 3737 necnon
1928 3707 2086 3746 hujusmodi
2104 3707 2218 3746 persone
2238 3718 2271 3739 ac
2291 3710 2386 3746 perso-

1328 3748 1369 3777 nis
1387 3757 1441 3784 que
1458 3745 1644 3784 imposterum
1664 3745 1792 3775 Clericus
1818 3744 1975 3783 Hanaperii
1999 3755 2050 3782 pro
2076 3753 2206 3783 tempore
2232 3747 2316 3778 fuerit
2335 3750 2385 3781 vel

1327 3786 1450 3822 fuerint,
1477 3793 1507 3813 ut
1534 3784 1612 3813 licita
1636 3793 1669 3814 ac
1697 3783 1791 3813 debita
1808 3783 1904 3813 Feoda
1921 3784 1953 3813 &
1973 3783 2154 3822 Solutiones,
2178 3784 2256 3815 dieto
2273 3785 2387 3818 Officio

1328 3823 1480 3860 spectantia
1496 3832 1529 3851 ac
1548 3823 1577 3851 in
1598 3823 1732 3852 exercitio
1750 3823 1783 3852 &
1800 3822 1973 3852 executione
1989 3821 2130 3860 ejusdem,
2156 3831 2170 3851 a
2188 3822 2315 3855 Subditis
2335 3836 2389 3857 iio·

1329 3863 1408 3898 stris,
1426 3860 1574 3890 Heredum
1593 3861 1625 3890 &
1642 3860 1845 3890 Succefforum
1864 3858 2045 3896 nostrorum,
2071 3859 2228 3890 secundum
2255 3872 2387 3896 tenorem

1329 3899 1473 3930 Schedule
1498 3899 1626 3935 medidie
1653 3900 1789 3935 legittime
1813 3897 1996 3934 requirenda,
2016 3898 2147 3928 habenda
2171 3900 2205 3929 ὃς
2231 3903 2389 3941 capienda,

1329 3947 1444 3968 necnon
1470 3947 1573 3967 omnes
1597 3938 1629 3966 ὅ(
1653 3935 1771 3972 singulas
1798 3936 2005 3972 explanationes
2027 3945 2060 3965 ac
2078 3936 2233 3967 dubiorum
2252 3939 2284 3970 δε
2304 3940 2388 3978 Qe-

1328 3977 1458 4008 stionurn
1485 3983 1733 4013 quarumcumque
1756 3972 1958 4005 declarationes
1972 3995 1982 4012 ,
2011 3983 2045 4005 ac
2063 3973 2127 4005 alias
2143 3985 2186 4006 res
2204 3977 2238 4007 δε
2257 3980 2388 4010 materia.—

2354 4017 2385 4048 in

2437 3150 2502 3176 7¹4·
