2561 4263
189 123 209 164 8
220 134 239 164 2

49 203 132 273 Ὰῃόῖ.
149 203 190 236 D.
243 204 335 239 Teste
354 205 437 246 Rege
452 205 527 245 apud
544 201 820 244 Westmonastert'um,
837 186 932 240 primo
949 199 995 231 die
1011 184 1162 229 Februarii.

54 252 380 314 :sn-³151Robertu5
399 283 490 322 Roth,
516 282 665 319 Clericus,
692 280 730 309 A.
743 278 767 310 B
800 277 887 309 habet
909 276 1072 308 consimiles
1092 274 1196 304 Literas
1218 268 1275 304 Pa-

53 325 118 349 Car·
141 330 166 348 ¹·
207 330 299 354 tentes
318 323 353 353 de
376 322 583 359 presentatione
603 320 638 350 ad
664 318 807 350 vicariam
830 318 866 347 de
888 316 987 355 gZueen
1007 311 1127 351 cameli,
1146 311 1277 342 Diocesis

53 363 105 388 No·
120 357 167 396 83-
207 361 400 402 Bathonienfis
420 361 458 396 ὠ
474 358 629 398 Wellenfis,
644 358 700 395 iam
723 356 861 395 legittime
876 356 910 385 &
929 355 965 384 de
976 354 1040 392 jure
1055 359 1223 387 vacantem,
1242 350 1276 380 ὅ(

207 401 242 431 ad
265 400 391 431 nostram
418 399 673 438 presentationem,
690 397 747 426 sive
770 404 819 434 per
840 393 947 431 lapsum
970 391 1127 428 temporis,
1147 389 1204 419 sive
1226 397 1276 425 per

205 440 375 476 pravitatem
391 438 524 469 Simonie
539 438 592 466 hac
607 436 672 465 vice
686 432 878 472 specstantem3
915 430 951 461 Et
966 430 1126 468 diriguntur
1139 427 1176 457 he
1195 426 1275 456 Lite-

206 487 238 508 re
255 478 386 509 Patentes
400 477 535 507 Domino
553 473 712 510 Willielmo,
732 468 913 510 Bathonienfi
925 467 963 503 ὠ
979 466 1106 507 Wellenfi
1119 465 1275 504 Episcopo.

214 541 216 543 -
242 516 334 548 Teste
348 516 430 554 Rege
445 514 520 553 apud
534 511 805 552 Westmonaslerium,
823 509 919 546 primo
933 507 979 537 die
995 506 1147 536 Februarii.

52 589 105 616 No·
123 584 171 623 84·
244 592 403 631 Radulphus
421 591 521 628 ewice,
537 589 678 626 ciericos,
697 588 733 619 A.
755 585 800 617 M.
817 585 906 616 habet
919 583 1080 615 consimiles
1096 583 1207 613 Literas
1220 579 1276 611 Pa-

202 638 295 663 rentes
315 633 352 662 de
367 630 570 669 presentatione
590 628 625 657 ad
639 626 808 657 Restoriam
825 624 860 654 de
875 622 1062 661 Eurythorpe,
1082 620 1215 651 Diocesis
1230 620 1275 648 E-

200 669 312 708 burum,
331 679 380 708 per
395 667 566 698 Ceffionem
582 666 676 696 ultimi
691 663 898 696 Incumbentis
907 662 1016 692 ibidem
1026 662 1087 700 jam
1099 668 1251 690 vacantem
1262 680 1271 696 ,

198 709 234 738 δε
250 709 284 740 ad
300 708 422 739 nostram
439 706 674 744 presentationem
688 705 776 743 pleno
785 703 850 741 jure
862 701 1054 739 spesiantetm
1089 698 1125 729 Et
1141 698 1269 738 dirigun-

198 756 245 779 tur
260 748 297 778 he
313 747 410 777 Litere
424 745 554 775 Patentes
570 743 705 773 Domino
720 740 854 778 Ricardo,
873 739 995 769 Eborum
1010 737 1252 775 Archiepiscopo.

232 784 323 817 Teste
338 785 418 824 Rege
432 783 506 822 apud
522 781 802 823 Westmonasterium,
819 780 916 818 primo
932 778 978 809 die
990 777 1143 808 Februarii.

232 861 394 893 Willielmus
416 859 556 900 Clemss’m,
574 858 723 896 Clericus,
750 857 787 888 A.
806 855 854 887 M.
873 856 960 886 habet
977 853 1140 885 consimiles
1159 851 1271 883 Literas

195 901 330 932 Patentes
345 902 381 930 de
396 900 601 938 presentatione
618 898 652 929 ad
662 897 831 929 Restoriam
845 895 882 925 de
897 892 1079 931 Hemingston
1093 892 1159 923 alias
1167 894 1270 930 Hemp-

191 939 270 978 stou,
296 938 427 969 Diocesis
446 937 648 978 Norwiceufis,
663 939 721 975 jam
742 935 880 974 legittime
904 935 937 965 ὃ(
957 933 992 962 de
1010 933 1073 970 jure
1101 938 1272 967 vacantem,

194 980 228 1010 &
245 977 278 1008 ad
295 977 423 1008 nostram
438 977 677 1015 presentationem
692 984 742 1014 per
758 975 926 1014 pravitatem
939 971 1090 1008 Simonie,
1109 969 1166 999 five
1184 969 1271 998 ratio-

193 1027 230 1047 ne
247 1016 400 1057 Utlagarie
419 1016 534 1047 Patroni
554 1015 631 1045 diere
648 1013 778 1045 Ecclesie
792 1013 827 1042 de
843 1013 968 1047 Heming
976 1009 1044 1048 ston,
1052 1009 1116 1039 alias
1124 1005 1272 1046 Hempston

193 1055 337 1095 predieta,
355 1056 408 1086 hic
425 1057 442 1073 ⁴*
459 1057 521 1084 vice
535 1055 730 1092 speeianiem3
768 1051 805 1082 Et
822 1051 984 1088 diriguntur
997 1049 1033 1078 he
1050 1047 1148 1078 Litere
1163 1045 1273 1077 Domi-

196 1104 238 1125 no
253 1094 388 1132 Matheo,
406 1092 578 1133 Norwiceasi
592 1092 698 1130 Episco
719 1102 749 1121 o.

234 1132 326 1164 Teste
340 1133 426 1171 Rege
443 1132 516 1170 apud
538 1101 814 1171 usestmonaliirium,
832 1128 929 1167 primo
947 1125 994 1156 die
1008 1124 1162 1156 Februarii.

44 874 95 901 No.
114 869 161 908 85.

47 1068 151 1097 *xlx

46 1116 113 1144 779·

234 1209 367 1240 Ricardus
385 1209 476 1249 Jones
493 1233 503 1248 ,
527 1208 660 1239 Clericus
675 1232 684 1244 ,
709 1206 738 1237 S.
757 1205 801 1236 T.
816 1204 849 1235 B.
869 1204 954 1235 habet
976 1202 1140 1234 consimiles
1163 1199 1271 1230 Literas

199 1249 331 1281 Patentes
350 1248 387 1279 de
400 1249 606 1288 presentatione
619 1248 653 1277 ad
670 1245 841 1276 Reetoriam
861 1244 896 1274 de
921 1241 1139 1278 Llandringan,
1158 1238 1271 1269 Dioce-

197 1289 230 1319 iis
242 1287 430 1328 Bangorienfis
440 1311 450 1327 ,
464 1288 524 1326 jam
538 1287 674 1327 legittime
687 1287 721 1316 δε
736 1284 770 1314 de
781 1283 846 1322 jure
859 1290 1009 1313 vacantem
1020 1303 1029 1318 ,
1046 1282 1077 1310 &
1093 1279 1127 1308 ad
1143 1277 1268 1308 nostram

196 1326 433 1365 presentationem
459 1336 509 1364 per
527 1325 634 1364 lapsum
647 1323 800 1360 temporis,
819 1321 876 1352 sive
890 1330 940 1358 per
954 1320 1120 1358 pravitatem
1137 1316 1269 1350 Simonie

196 1367 250 1397 hac
274 1367 338 1396 vice
352 1364 543 1404 spectantem,
583 1364 619 1393 Et
635 1363 794 1401 diriguntur
813 1360 848 1390 he
872 1360 968 1390 Litere
983 1357 1115 1388 Patentes
1131 1355 1269 1386 Domino

199 1404 345 1435 Edmundo
355 1426 365 1441 ,
383 1403 565 1443 Bangorienfi
577 1402 730 1442 Episcopo.

235 1442 327 1475 Teste
340 1442 424 1483 Rege
436 1442 510 1482 apud
525 1439 805 1481 Westmonasterium,
822 1436 901 1468 sexto
919 1435 965 1466 die
982 1433 1136 1464 Februarii.

46 1235 98 1261 No.
116 1231 163 1261 86.

237 1520 356 1551 Thomas
373 1520 488 1559 Jeme,
506 1519 655 1556 Clericus,
676 1517 712 1548 A.
732 1514 780 1546 M.
798 1514 886 1546 habet
908 1511 1071 1544 consimiles
1092 1509 1201 1540 Literas
1215 1508 1271 1539 Pa-

200 1567 290 1591 tentes
313 1561 349 1592 de
369 1561 572 1600 present-atione
590 1557 623 1588 ad
649 1555 819 1586 Rectoriam
835 1554 870 1584 de
887 1547 1180 1597 Hel-merQDiocesis
1194 1549 1273 1576 Nor-

200 1598 344 1639 ·wicenfis,
363 1609 412 1637 per
436 1606 560 1640 mortem
584 1596 679 1641 nltimi
697 1593 893 1636 Incumbentis
907 1591 1016 1622 ibidem
1033 1595 1273 1664 laingtagiairriitgeffl,

200 1630 1228 1711 5⁵5.³13.“fi{{{‡2¹p¹2{{¹.55¹.2²⁸15³33323533&sifffflssiff‘sspimp..

236 1714 327 1746 Teste
342 1715 425 1755 Rege
442 1714 517 1753 apud
537 1710 817 1752 westmonasterium,
838 1719 919 1740 nono
936 1708 982 1738 die
995 1705 1148 1736 Februarii.

49 1549 102 1576 No.
117 1544 165 1582 87.

241 1791 358 1822 Thomas
374 1790 497 1830 Temple,
515 1790 646 1822 Clericus
657 1813 666 1826 ,
686 1785 723 1820 A.
743 1787 790 1818 Μ.
807 1787 893 1818 habet
912 1783 1076 1817 consimiles
1094 1781 1202 1812 Literas
1218 1779 1274 1810 Pa-

204 1837 293 1862 tentes
311 1832 347 1862 de
370 1830 572 1870 presentatione
590 1829 624 1859 ad
645 1828 789 1859 Vicariarn
808 1827 844 1857 de
860 1823 1026 1865 Battersey,
1043 1820 1176 1853 Diocesis
1187 1821 1274 1848 Win-

203 1873 293 1907 tonie,
308 1871 367 1908 jam
383 1871 524 1909 legittime
538 1869 571 1900 &
584 1868 619 1898 de
630 1868 692 1906 jure
707 1874 858 1897 vacantem
868 1888 878 1904 ,
896 1866 929 1895 δε
945 1863 981 1894 ad
996 1861 1124 1903 nostram
1136 1858 1276 1901 presenta-

201 1909 314 1939 tionem
329 1919 379 1947 per
395 1908 503 1947 lapsum
521 1908 671 1945 temporis,
688 1905 745 1936 five
763 1914 811 1944 per
829 1904 998 1942 pravitatem
1013 1902 1144 1933 Simonie
1159 1898 1212 1927 hac
1230 1906 1275 1926 νι-

202 1956 240 1977 (ε
262 1947 457 1986 spe&antem;
473 1946 511 1977 Et
529 1947 687 1986 diriguntur
708 1944 748 1975 he
773 1944 870 1975 Litere
885 1941 1019 1973 Patentes
1036 1937 1172 1970 Domino
1186 1934 1276 1966 Gual-

205 1993 274 2024 tero,
290 1988 438 2017 lVintonie
454 1985 611 2024 Episcopo.
1181 2014 1186 2019 ,

196 2061 213 2092 b
239 2024 332 2071 Teste
354 2026 438 2065 Rege
461 2024 536 2065 apud
552 2021 817 2065 Westmonasterium
831 2044 842 2061 ,
874 2019 1012 2053 vicesimo
1034 2017 1138 2058 quinto
1160 2013 1206 2046 die
1227 2015 1278 2044 Fe-

179 2082 183 2086 *
222 2071 318 2094 ruarll·

50 1818 102 1844 No.
121 1812 167 1842 88.

242 2145 378 2173 Henricus
397 2141 540 2180 Dobbins,
561 2141 598 2173 A.
617 2139 665 2172 M.
679 2140 768 2172 habet
788 2136 950 2170 consimiles
963 2135 1072 2166 Literas
1090 2132 1225 2164 Patentes
1240 2131 1278 2165 de

163 2183 172 2191 '
207 2181 413 2220 presentatione
433 2182 468 2212 ad
493 2181 659 2212 Redioriam
684 2180 740 2210 sive
759 2179 878 2209 liberam
896 2174 1049 2214 Capellam
1065 2173 1164 2203 Sanbli
1180 2170 1274 2209 Egidii

207 2220 240 2264 gie
260 2219 367 2259 BlaJim
387 2221 451 2251 alias
474 2219 607 2260 Blaston,
627 2217 757 2249 Diocesis
774 2215 937 2253 Lincolnie,
953 2215 1013 2253 jam
1029 2212 1170 2256 legittime
1188 2212 1221 2242 &
1237 2209 1274 2240 de

202 2268 268 2297 jure
281 2268 449 2297 vacantem,
467 2260 500 2290 &
514 2259 549 2289 ad
566 2257 690 2288 nostram
704 2256 938 2294 presentationem
953 2253 1038 2292 pleno
1052 2260 1133 2289 Jure,
1150 2249 1206 2279 sive
1224 2258 1274 2287 per

207 2297 317 2337 lapsum
331 2298 469 2338 temporis
482 2298 537 2328 hac
559 2298 623 2327 vice
645 2296 838 2333 speciantem3
876 2293 913 2324 Et
938 2292 1096 2330 diriguntur
1120 2289 1156 2318 he
1180 2288 1274 2320 Litere

207 2336 340 2369 Patentes
363 2337 500 2368 Domino
515 2335 646 2374 Johanni
657 2359 667 2373 ,
679 2332 822 2364 Lincolnie
838 2331 993 2368 Episcopo.

242 2374 333 2407 Teste
349 2375 434 2415 Rege
446 2375 520 2413 apud
536 2371 815 2413 Wstmonasterium,
832 2370 971 2402 vicesimo
985 2367 1033 2398 die
1048 2365 1202 2396 Februarii.

245 2453 378 2484 Robertus
396 2453 515 2492 Sparke,
543 2451 691 2489 Clericus,
720 2449 805 2479 habet
826 2446 990 2479 consimiles
1014 2445 1122 2475 Literas
1147 2442 1279 2473 Parentes

206 2492 244 2523 de
259 2493 464 2531 presentatione
485 2491 520 2521 ad
535 2491 677 2522 Vicai·iam
691 2488 728 2521 de
741 2486 897 2526 churstowe
912 2495 982 2517 cum
996 2483 1115 2521 Capella
1131 2481 1168 2525 de
1183 2483 1274 2525 King-

208 2532 298 2569 bridge
320 2532 415 2561 eidem
435 2538 563 2567 annexa,
586 2528 718 2560 Diocesis
741 2529 867 2562 Exonie,
886 2534 934 2562 pei·
956 2532 1083 2553 mortem
1107 2520 1201 2551 ultimi
1222 2519 1273 2549 In-

208 2571 374 2602 cumbentis
393 2570 498 2600 ibidem
510 2569 574 2606 jam
597 2575 767 2604 vacantem,
785 2566 819 2596 &
840 2564 875 2594 ad
890 2561 1018 2594 nostram
1037 2559 1274 2598 presentationem

207 2610 294 2648 pleno
314 2609 376 2645 jure
395 2608 590 2645 spe&antem;
625 2606 664 2636 Et
677 2606 835 2644 diriguntur
848 2604 887 2633 he
903 2603 999 2633 Litere
1014 2600 1144 2631 Parentes
1164 2597 1273 2627 Domi-

208 2658 250 2679 no
264 2646 399 2685 Josepho,
418 2649 525 2676 Exonie
543 2645 699 2682 Episcopo.

247 2686 338 2717 Teste
354 2685 436 2725 Rege
453 2684 527 2722 apud
543 2681 824 2722 Wstmonafterium,
843 2679 1002 2711 undecimo
1015 2677 1061 2708 die
1074 2674 1226 2706 Februarii.

54 2484 106 2514 No.
120 2490 168 2518 90.

245 2762 382 2803 Joftphus
405 2765 526 2792 Browne
540 2785 550 2797 ,
575 2759 703 2790 Clericus
719 2781 728 2796 ,
754 2758 791 2788 A.
811 2757 857 2787 M.
873 2757 958 2786 habet
980 2751 1145 2784 consimiles
1165 2749 1273 2794 Literas

208 2802 341 2833 Patentes
358 2801 394 2831 de
414 2800 616 2839 presentatione
636 2798 670 2828 ad
693 2797 837 2828 Vicariam
853 2796 952 2825 Sanrfle
966 2793 1004 2828 ὠ·
1020 2791 1164 2822 individue
1178 2791 1270 2832 Trini-

207 2845 279 2872 tatis
292 2845 321 2871 in
335 2843 500 2878 Coventrey,
517 2847 567 2877 per
581 2836 748 2868 Cessionem
765 2835 858 2865 ultimi
874 2832 1072 2863 Incumbentis
1087 2828 1196 2859 ibidem
1210 2836 1268 2864 jam

204 2888 374 2917 vacantem,
392 2879 425 2910 &
446 2879 482 2908 ad
507 2875 631 2907 nostram
654 2875 891 2913 presentationem
905 2872 990 2909 pleno
1005 2871 1063 2908 jure
1076 2867 1269 2906 spediantemt,

205 2919 245 2950 Et
266 2919 423 2957 diriguntur
448 2917 484 2946 he
506 2916 601 2946 Litere
624 2914 756 2945 Patentes
777 2912 915 2943 Domino
928 2909 1063 2947 Roberto‚
1080 2904 1269 2944 coventriensi

203 2958 243 2994 dr
257 2957 361 2987 Lichen
373 2967 381 2983 1
394 2955 548 2993 Episcopo.

237 2995 328 3027 Teste
376 3004 427 3034 ege
440 2995 514 3031 apud
531 2991 803 3032 Wellmonasterium,
821 2987 939 3020 decimo
955 2996 1039 3017 nono
1053 2982 1249 3022 diejobi‘obris.

56 2788 103 2816 No.
121 2790 168 2818 9¹.

241 3072 358 3103 Elizeus
377 3074 470 3109 Price,
491 3070 642 3107 Clericus,
668 3068 703 3098 A.
725 3066 774 3098 M.
792 3066 880 3097 habet
903 3063 1063 3096 consimiles
1086 3062 1194 3094 Literas
1214 3058 1269 3090 Pa-

207 3119 298 3142 tentes
321 3112 358 3141 de
372 3110 577 3149 presentatione
594 3108 627 3138 ad
650 3107 793 3138 Vicariam
810 3105 846 3136 de
857 3103 987 3134 Ruddlan
1001 3103 1062 3133 alias
1076 3102 1187 3131 Rudlan
1204 3102 1270 3133 alias

207 3149 369 3186 Ruthland,
386 3148 519 3179 Diocesis
542 3145 726 3188 Asaphenfis,
739 3146 798 3183 jarn
816 3144 952 3182 legittime
978 3143 1012 3174 δε
1034 3142 1070 3172 de
1080 3142 1142 3179 jure
1152 3151 1269 3185 'vacan-

207 3196 290 3224 tem,
316 3190 356 3231 &.
369 3188 402 3217 ad
426 3187 554 3218 nostram
574 3186 810 3227 presentationem
833 3192 882 3219 per
901 3180 1009 3219 lapsum
1033 3188 1185 3224 temporis,
1212 3182 1269 3210 sive

207 3236 257 3296 per
281 3234 444 3293 praligitatem
466 3226 597 3268 Simonie
616 3224 678 3290 bach
691 3232 753 3268 vrce
767 3221 981 3288 spe&a¹btem:E
998 3218 1037 3287 liist
1057 3219 1218 3257 diriguntur
1232 3219 1269 3249 he

239 3274 327 3334 ³It‘eerseie
344 3264 515 3341 ἒὲἓὲεὲἐίεῗ
519 3258 1110 3341 Wrgrsaflblrribiniq'csliulinissfidecimffxdse·
1117 3294 1269 3326 Februarii.

52 3098 103 3128 No.
123 3104 171 3133 9²·

247 3377 406 3410 Valentinus
425 3381 528 3417 Myng‚
543 3378 688 3415 Clericus,
707 3376 741 3406 A.
761 3374 808 3405 M.
820 3373 906 3404 habet
919 3372 1080 3403 consimiles
1095 3371 1200 3402 Literas
1214 3371 1270 3403 Pa-

207 3425 298 3449 tentes
323 3418 360 3446 de
373 3417 578 3454 presentatione
592 3417 626 3446 ad
642 3415 813 3446 Restoriam
831 3413 866 3442 de
881 3410 980 3441 Knolle
993 3411 1056 3440 alias
1071 3410 1268 3450 Churchknell,

210 3455 342 3487 Diocesis
362 3454 492 3493 Bristoll,
503 3456 560 3492 jam
580 3455 717 3492 legittime
740 3454 774 3485 &
796 3451 832 3482 de
851 3452 914 3488 jure
927 3458 1094 3486 vacantem,
1115 3450 1147 3480 ὃς
1162 3449 1195 3478 ad
1212 3460 1268 3479 no-

211 3494 297 3525 stram
310 3494 542 3530 presentationem
556 3503 603 3529 per
617 3495 780 3532 pravitatem
793 3489 920 3520 Simonie
937 3488 994 3519 five
1007 3497 1055 3524 per
1070 3487 1177 3524 lapsum
1193 3496 1267 3518 tem-

211 3534 289 3570 poris
302 3533 355 3562 hac
369 3532 434 3562 vice
447 3531 638 3568 spectantem
666 3532 702 3562 Et
718 3532 878 3571 diriguntur
891 3527 928 3558 he
944 3526 1039 3558 Litere
1054 3525 1186 3558 Patentes
1199 3525 1267 3558 Do·

209 3571 292 3602 mino
305 3573 433 3609 Georgio,
450 3568 565 3608 Brzstoll
577 3568 729 3609 Episcopo.

54 3392 106 3420 No.
122 3392 171 3429 93.

633 105 1450 159 CONVENTIONES,
1507 105 2000 157 LITERAE,&c.

1315 234 1332 264 b
1349 196 1439 243 Teste
1468 195 1554 234 Rege
1576 194 1649 234 apud
1668 193 1928 235 Wstmonasterium
1943 218 1953 233 ,
1986 193 2123 226 vicesimo
2147 201 2247 234 quarto
2270 192 2316 225 die
2336 192 2388 223 Fe-
2405 181 2482 250 Αῐὲῐῖ»
2495 180 2538 215 Β)

1335 245 1418 266 uaru-
2403 232 2446 289 Aln
2451 283 2457 289 '
2464 230 2523 289 3¹3¹·-

1350 311 1503 350 Johannes
1525 310 1672 355 Doughty,
1690 309 1836 347 Clericus,
1857 309 1894 339 A.
1915 309 1963 340 M.
1981 309 2067 341 habet
2090 310 2253 342 consimiles
2275 309 2386 341 Literas
2403 303 2467 327 Car.
2491 310 2516 333 ¹·

1314 349 1445 396 Parentes
1466 351 1502 383 de
1526 350 1729 388 presentatione
1750 350 1785 381 ad
1808 348 1976 379 ReC'mriam
1997 349 2033 379 de
2052 349 2199 387 Bewdsnt
2213 373 2224 388 ,
2250 348 2385 380 Diocesis
2404 343 2452 367 Na.
2471 347 2520 373 94-

1315 389 1470 426 Wigornie,
1488 398 1538 426 per
1555 396 1681 418 mortem
1694 388 1790 431 ultimi
1803 386 2001 417 Incumbentis
2017 386 2123 417 ibidem
2134 389 2196 426 jam
2212 396 2386 425 vacantem,

1315 426 1348 456 &
1363 427 1397 457 ad
1412 427 1540 472 nostram
1556 426 1797 469 presentationem
1811 425 1898 463 pleno
1909 426 1973 464 jure
1986 423 2180 463 spe&antem;
2198 424 2238 458 Et
2253 427 2385 464 dirigun—

1314 472 1362 495 tur
1381 465 1418 495 he
1432 465 1527 495 Litere
1542 464 1673 494 Patentes
1686 463 1822 493 Domino
1839 463 1972 502 Johanni
1983 485 2003 506 ,¹
2013 463 2150 500 Wigorme
2167 464 2321 503 Episcopo.

1314 503 1442 573 brixii?
1467 504 1549 542 Rege
1569 501 1643 540 apud
1662 501 1922 542 Wstmonasterium
1937 526 1947 542 ,
1974 501 2114 535 vicesimo
2137 503 2240 542 quinto
2260 503 2306 535 die
2333 507 2385 534 Fe-

1352 618 1519 651 Willielmus
1538 617 1684 664 Symondf,
1703 615 1851 656 Clericus,
1869 618 1907 650 A.
1927 618 1974 650 M.
1993 619 2081 652 habet
2098 618 2258 651 consimiles
2273 619 2383 652 Literas
2403 614 2451 639 No,
2470 621 2520 649 95.

1309 658 1442 691 Patentes
1457 660 1494 691 de
1511 659 1718 697 presentatione
1731 657 1766 688 ad
1781 656 1954 688 Rectoriam
1970 658 2006 690 de
2023 657 2136 698 Ashley,
2154 657 2286 690 Diocefis
2295 663 2331 687 W
2335 662 2394 689 in-·

1309 702 1401 743 toaie,
1414 699 1474 737 jam
1497 697 1638 738 legittime
1655 698 1688 728 δε
1706 696 1742 726 de
1754 696 1817 739 jure
1832 704 2001 735 vacantem,
2020 698 2054 729 δε
2071 698 2105 728 ad
2119 696 2247 729 nostram
2263 697 2378 735 presen-

1309 745 1449 768 tationem
1471 746 1522 774 per
1546 737 1714 774 pravitatem
1730 734 1861 765 Simonie
1878 734 1932 765 sive
1951 735 1970 754 ²*
1983 745 2033 773 per
2046 736 2154 774 lapsum
2172 737 2307 775 temporis
2321 735 2377 767 hac
2394 723 2415 744 ’χ’
2432 725 2517 755 XIX·

1308 777 1374 807 vice
1388 776 1579 813 spe&antem;
1599 774 1637 805 Et
1653 774 1813 813 diriguntur
1827 773 1864 803 he
1882 773 1978 804 Litere
1991 773 2124 807 Patentes
2139 775 2278 806 Domino
2286 774 2374 806 Guat.
2393 772 2408 798 7
2414 763 2460 794 80·

1307 821 1365 844 tero
1376 837 1384 851 ,
1405 818 1439 842 W
1443 817 1546 844 intonie
1564 812 1720 852 Episcopo.

1345 852 1435 884 Teste
1448 852 1532 891 Rege
1549 852 1625 890 apud
1641 849 1916 890 Westmonasterium,
1934 849 2054 891 septimo
2071 851 2116 882 die
2131 855 2248 884 Martii.

1347 929 1459 961 Carolus
1476 928 1616 967 Herbert,
1635 927 1783 966 Clericus,
1804 927 1840 958 A.
1859 926 1907 958 Μ.
1928 929 2014 959 habet
2029 928 2192 959 consimiles
2202 929 2310 963 Literas
2323 931 2377 962 Pa·
2397 929 2447 955 ΝΟ·
2467 927 2514 962 9⁶·

1310 977 1402 1001 tentes
1420 969 1455 1000 de
1471 969 1675 1006 presentatione
1689 968 1724 998 ad
1742 966 1913 997 Redioriam
1927 967 1964 997 de
1980 966 2182 1009 Estradquilles·
2197 968 2260 999 alias
2275 970 2381 1009 Istrod-

1306 1008 1432 1050 gynleys,
1452 1006 1582 1038 Diocesis
1601 1004 1789 1046 Menevenfis,
1805 1007 1863 1044 jam
1882 1005 2021 1043 legittime
2040 1007 2073 1037 &
2088 1008 2124 1036 de
2136 1007 2199 1045 jure
2215 1017 2362 1039 vacantem

1310 1052 1344 1079 ὅ(
1358 1050 1393 1078 ad
1409 1046 1536 1076 nostram
1551 1045 1785 1082 presentationem
1800 1054 1851 1082 per
1866 1044 1976 1081 lapsum
1992 1047 2131 1083 temporis
2149 1046 2205 1077 sive
2222 1055 2273 1085 per
2287 1033 2384 1084 pravi-³

1310 1094 1399 1118 tatem
1410 1085 1539 1116 Simonie
1553 1085 1610 1116 hac
1626 1085 1689 1115 vice
1704 1083 1896 1122 specstantem3
1923 1082 1962 1114 Et
1977 1083 2137 1123 diriguntur
2152 1084 2191 1115 he
2209 1084 2307 1117 Litere
2325 1085 2383 1117 Pa-

1308 1134 1400 1158 tentes
1417 1124 1552 1154 Domino
1568 1125 1688 1159 Rogero,
1709 1120 1874 1162 Menevenfi
1888 1120 2044 1162 Episcopo,

1344 1162 1435 1194 Teste
1449 1161 1532 1201 Rege
1544 1162 1619 1200 apud
1633 1160 1910 1199 Wstmonasterium,
1928 1170 2013 1191 nono
2027 1161 2074 1192 die
2089 1163 2205 1193 Martii.

1348 1239 1509 1270 Edmundus
1527 1237 1625 1282 Hynd,
1643 1235 1786 1276 Clericus,
1802 1237 1841 1268 A.
1860 1236 1907 1267 M.
1926 1237 2011 1269 habet
2025 1238 2187 1270 consimiles
2202 1239 2312 1272 Literas
2325 1240 2380 1272 Pa·
2396 1247 2447 1273 No.
2464 1245 2517 1278 974

1309 1288 1402 1311 tentes
1416 1279 1453 1309 de
1468 1278 1672 1316 presentatione
1690 1276 1724 1306 ad
1742 1275 1914 1307 Reeioriam
1930 1277 1966 1307 de
1982 1277 2160 1315 Pickworth,
2180 1278 2312 1310 Diocelis
2327 1282 2380 1310 Pe-

1309 1316 1502 1357 triburgenfis,
1522 1318 1578 1355 jam
1600 1316 1737 1355 legittime
1760 1315 1795 1345 ὃς
1817 1314 1853 1346 de
1870 1315 1934 1353 jure
1959 1324 2128 1354 vacantem,
2146 1318 2181 1349 &
2198 1318 2232 1348 ad
2253 1318 2380 1350 nostram

1309 1357 1549 1396 presentationem
1583 1363 1632 1392 per
1668 1353 1773 1392 lapsum
1809 1355 1950 1392 temporis
1975 1376 1985 1392 ,
2024 1354 2081 1385 five
2113 1354 2168 1385 alio
2204 1365 2381 1396 quocunque

1311 1396 1402 1426 modo
1424 1395 1479 1426 hac
1501 1395 1568 1425 vice
1589 1392 1783 1431 fpestantem3
1821 1391 1860 1423 Et
1879 1391 2042 1431 diriguntur
2064 1393 2102 1424 he
2126 1393 2223 1425 Litere
2247 1394 2382 1428 Parentes

1310 1435 1437 1466 Domini
1453 1432 1614 1473 Francisio,
1630 1431 1810 1469 Petriburgen
1822 1441 1831 1458 ι
1850 1430 2002 1470 Episcopo.

1347 1473 1437 1505 Teste
1449 1473 1532 1512 Rege
1547 1471 1620 1510 apud
1637 1469 1790 1510 Westmona
1813 1472 1897 1500 eriam
1906 1492 1916 1509 ‚
1931 1470 2049 1501 decimo
2061 1469 2171 1503 octavo
2186 1470 2234 1503 die
2248 1475 2364 1503 Martii.

1312 1546 2010 1631 ..aestatem5..{.¹.5;¹{i⁵i.{.32.·..¹3;
2021 1548 2385 1621 &sapienties
2401 1552 2452 1581 NJ·
2467 1547 2514 1584 ⁹³³·

1311 1628 1383 1667 pella
1400 1627 1436 1658 de
1458 1625 1609 1667 Heyfhott,
1630 1625 1762 1656 Diocesis
1783 1623 1966 1666 Cicestrenfis,
1979 1626 2038 1663 jam
2063 1625 2200 1664 legittime
2219 1628 2254 1659 ὃς
2269 1627 2306 1658 de
2319 1629 2384 1667 jure

1311 1675 1483 1704 vacantem,
1501 1666 1536 1697 &
1554 1665 1589 1695 ad
1607 1663 1732 1695 nostram
1754 1663 1990 1701 presentationem
2011 1663 2067 1694 sive
2081 1674 2132 1702 per
2143 1664 2253 1703 lapsum
2267 1674 2387 1704 tempo-

1312 1707 1367 1744 ris,
1387 1705 1444 1736 five
1465 1715 1519 1749 per,
1535 1704 1706 1742 pravitatem
1729 1702 1859 1746 Simonie
1879 1702 1932 1732 hac
1950 1703 2016 1734 vice
2029 1702 2222 1741 spediantem·
2264 1704 2303 1736 Et
2317 1706 2386 1737 diri-

1312 1740 2197 1820 guifss'ii?{5332}..31³fflfissssfifflffissmffi‘ssissssnfg‘zsssissff
2207 1726 2376 1813 {32³3ss

1502 1805 1521 1822 τ)
1907 1803 1916 1818 τ
2377 1807 2385 1814 ·

1350 1857 1511 1904 Cristoferus
1532 1860 1653 1897 Wrenn,
1673 1857 1701 1889 S.
1721 1857 1761 1888 T.
1782 1856 1817 1888 P.
1834 1857 1868 1890 ὃς
1888 1867 1960 1902 unus
1980 1856 2203 1897 capellanorum
2219 1859 2386 1893 nostrorum
2403 1857 2452 1882 No.
2469 1859 2521 1891 ⁹95
2542 1870 2549 1877 ‘

1315 1898 1556 1936 Ordinatiorum,
1575 1898 1660 1929 habet
1685 1896 1847 1928 consimiles
1870 1896 1978 1928 Literas
2001 1897 2134 1929 Parentes
2147 1898 2184 1928 de
2197 1899 2387 1937 presentatio-

1315 1948 1366 1974 ne,
1386 1937 1421 1967 ad
1443 1937 1627 1967 Decanatum
1650 1936 1777 1967 Ecclesie
1800 1935 1896 1965 nostre
1917 1934 2075 1975 Collegiate
2089 1937 2146 1969 five
2160 1936 2253 1968 libere
2268 1937 2386 1976 Capelle

1316 1975 1412 2007 nostre
1434 1975 1526 2016 Regie
1546 1976 1642 2006 Saneli
1658 1977 1764 2011 Georgii
1785 1973 1857 2004 infra
1875 1973 2012 2005 Castrum
2030 1974 2164 2006 nostrum
2181 1976 2217 2007 de
2235 1977 2279 2006 W
2278 1977 2375 2015 indlbr

1316 2025 1367 2053 per
1383 2016 1602 2059 promotionem
1617 2014 1708 2045 ultimi
1725 2013 1839 2044 Decani
1858 2012 1968 2043 ibidem
1982 2012 2016 2043 ad
2030 2013 2236 2053 Episcopatum
2249 2002 2387 2055 Herefor:

1315 2055 1374 2092 die,
1393 2063 1448 2091 jam
1474 2062 1643 2091 vacantem,
1667 2053 1700 2083 &
1721 2052 1757 2083 ad
1776 2051 1904 2083 nostram
1928 2051 2114 2083 donationem
2136 2053 2223 2091 pleno
2239 2054 2302 2092 jure
2323 2055 2384 2095 spe-

1315 2094 1461 2137 ctantem,
1499 2092 1535 2123 Et
1555 2092 1715 2130 diriguntur
1737 2091 1774 2121 he
1798 2091 1894 2121 Litere
1909 2089 2039 2121 Patentes
2054 2090 2243 2129 Capitulo'&
2258 2091 2349 2125 Prebe
2371 2111 2386 2118 -

1312 2133 1393 2177 dariis
1406 2131 1534 2162 Ecclesie
1549 2130 1710 2169 Collegiate
1730 2129 1787 2160 sive
1801 2129 1888 2160 libere
1902 2128 2021 2166 Capelle
2036 2129 2147 2169 Regie,
2165 2132 2263 2161 Sanc‘li
2277 2104 2388 2171 Georai

1312 2170 1384 2206 infra
1399 2169 1534 2200 Castrum
1548 2169 1584 2200 de
1598 2168 1748 2208 Windsor3
1769 2168 1861 2199 Vobis
1874 2168 1960 2205 igitur
1974 2167 2163 2208 Mandamus,
2179 2170 2240 2202 ἃς.

1347 2208 1439 2241 Teste
1455 2208 1539 2248 Rege
1551 2208 1626 2250 apud
1642 2206 1921 2247 Westmonasterium,
1939 2206 2088 2239 tricesimo
2100 2209 2195 2246 primo
2209 2209 2258 2241 die
2270 2211 2387 2241 Martii.
2521 2212 2547 2227 ⁴*

1351 2286 1614 2331 RicardurBayIJJ,
1631 2285 1661 2317 S.
1678 2284 1720 2316 T.
1738 2284 1772 2315 B.
1791 2285 1825 2317 &
1847 2284 2019 2323 Capellanus
2039 2284 2137 2316 noster
2151 2285 2322 2317 Ordinarius
2332 2286 2385 2318 ha-
2400 2285 2451 2313 No·
2474 2287 2553 2316 ¹0⁸2-

1313 2327 1364 2356 bet
1379 2325 1541 2356 consimiles
1557 2325 1666 2356 Literas
1682 2323 1816 2355 Patentes
1830 2323 1866 2354 de
1880 2323 2085 2361 presentatione
2104 2323 2138 2354 ad
2153 2324 2336 2357 Decanaturn
2352 2327 2383 2357 in
2526 2319 2532 2321 ’

1316 2365 1442 2396 Ecclesia
1455 2364 1619 2395 Cathedrali
1633 2367 1747 2401 Sarum,
1764 2372 1812 2400 per
1828 2370 1954 2392 mortem
1970 2362 2063 2392 ultimi
2078 2362 2193 2394 Decani
2208 2363 2316 2394 ibidem
2334 2375 2384 2395 va-

1316 2412 1447 2441 cantem,
1463 2405 1496 2435 &
1521 2403 1555 2433 ad
1579 2402 1706 2433 nostram
1730 2401 1922 2432 donationem
1937 2400 2023 2438 pleno
2035 2402 2098 2439 jure
2114 2401 2307 2441 spestanterm
2343 2403 2385 2435 Et

1316 2442 1471 2481 diriguntur
1491 2441 1529 2473 he
1552 2441 1648 2472 Litere
1672 2440 1803 2470 Patentes
1824 2439 1950 2477 Capitulo
1966 2438 2004 2475 &
2019 2439 2208 2470 Prehendariis
2223 2440 2385 2484 residentia-

1317 2485 1365 2511 riis
1383 2480 1510 2511 Ecclesie
1525 2479 1700 2511 Cathedralis
1713 2481 1832 2515 Sarum,
1850 2477 1945 2508 Vobis
1956 2479 2042 2516 igitur
2058 2477 2252 2518 Mandamus,
2265 2480 2327 2512 &c.

1346 2519 1437 2550 Teste
1450 2519 1533 2558 Rege
1548 2519 1621 2558 apud
1640 2515 1917 2557 Weltmonasterium,
1934 2516 2054 2549 decimo
2070 2516 2117 2549 die
2130 2517 2250 2557 Aprilis.

1347 2594 1463 2639 Thomas
1486 2595 1586 2636 Dodd‚
1605 2595 1635 2627 S.
1653 2596 1695 2627 T.
1712 2593 1746 2625 P.
1766 2605 1838 2626 unus
1859 2594 2087 2633 capellanorum
2106 2595 2383 2628 nostrorum-Ordi-

1316 2644 1463 2665 nariorum
1483 2635 1569 2665 habet
1589 2634 1752 2666 consimiles
1778 2634 1886 2664 Literas
1906 2634 2036 2664 Patentes
2058 2634 2095 2664 de
2117 2634 2324 2672 presentatione
2345 2636 2381 2666 ad

1316 2673 1501 2718 Decanatutn
1525 2673 1652 2704 Ecclesie
1670 2672 1834 2710 Collegiate
1855 2672 1890 2702 de
1913 2675 1937 2702 R
1948 2680 2040 2711 ppon,
2063 2681 2114 2710 per
2135 2681 2261 2704 mortem
2284 2674 2381 2706 ultimi

1316 2711 1429 2755 Decani
1451 2711 1561 2742 ibidem
1584 2713 1643 2750 jam
1667 2719 1833 2748 vacantem,
1852 2711 1886 2742 δε
1900 2720 1916 2741 a
1950 2709 2078 2740 nostram
2092 2710 2276 2743 donationem
2293 2714 2381 2751 pleno

1311 2760 1372 2788 Jure
1393 2749 1591 2788 spediantem3
1631 2749 1669 2780 Et
1688 2749 1739 2780 diri
1765 2757 1847 2779 untur
1863 2749 1900 2778 he
1923 2748 2019 2779 Litere
2039 2747 2170 2782 Patentes
2193 2752 2319 2790 Capitulo
2338 2751 2380 2787 &-

1311 2788 1508 2857 ·P·reben1<sfrii{
1530 2787 1721 2859 refidergciariis
1759 2787 1861 2819 'ccefie
1881 2785 2043 2827 Collegiate
2065 2787 2102 2818 de
2119 2790 2248 2829 Rippon3
2287 2790 2381 2823 Vobis

1308 2835 1395 2866 igitur
1454 2838 1488 2858 an
1510 2837 1590 2858 amus
1657 2837 1683 2858 c.
2394 2843 2397 2845 >

1350 2865 1440 2898 Teste
1456 2865 1540 2907 Rege
1552 2850 1626 2906 apiid
1643 2863 1924 2905 Wstmonasterium,
1942 2863 2082 2897 vicesimo
2097 2863 2143 2897 die
2155 2864 2274 2905 Aprilis.

2401 2606 2450 2631 No.
2472 2605 2535 2632 ιοιᾴ

1345 2942 1505 2975 Willielmus
1525 2942 1737 2981 chillingworth
1752 2966 1762 2979 ,
1788 2940 1922 2973 Clericus
1936 2964 1947 2979 ,
1974 2929 2013 2972 A.
2031 2940 2079 2973 M.
2105 2942 2191 2974 habet
2211 2943 2375 2978 consimiles
2393 2951 2444 2977 No.
2468 2950 2531 2978 1021

1309 2983 1416 3026 Literas
1438 2983 1570 3014 Parentes
1589 2982 1625 3013 ad
1642 2982 1720 3012 illam
1731 2980 1910 3012 Prebendam
1926 2981 1983 3011 sive
1997 2980 2210 3014 canonicatum
2225 2984 2256 3013 in
2269 2983 2376 3016 Eccle-

1308 3023 1343 3066 sia
1360 3021 1521 3054 Cathedrali
1543 3020 1660 3062 Cestrie,
1680 3030 1768 3065 quern
1781 3029 1870 3059 nuper
1884 3019 1984 3050 habuit
1994 3021 2037 3050 W
2037 3018 2164 3050 illielmus
2177 3021 2283 3061 Foster,
2304 3021 2376 3054 Cle-

1308 3071 1383 3092 ricus
1397 3085 1407 3100 ,
1431 3060 1519 3105 8.,Τ.
1543 3060 1576 3090 P.
1597 3070 1685 3105 nuper
1703 3059 1860 3104 Episcopus
1878 3057 1972 3103 Insule
1990 3057 2028 3088 de
2043 3061 2120 3090 Man
2134 3060 2198 3090 alias
2215 3061 2377 3100 Sodorense,

1307 3107 1589 3179 {Zeissmssssffiam
1604 3099 1676 3168 ‘352¹
1693 3096 2148 3167 {ffsssr‘i's’sstssssEpssg‘i‘i'i’ii‘ffimse
2165 3101 2240 3166 Masi
2254 3099 2316 3145 ὡς
2326 3103 2376 3168 f‘*

1307 3149 1487 3216 cumbentlss,
1513 3161 1624 3208 ratione
1640 3147 1796 3206 eonimende
1813 3145 2067 3211 eidempEpiscopo
2079 3144 2375 3213 {agtcgpijssingirgcass

1308 3225 1386 3254 tem⁷
1402 3217 1445 3260 &U
1457 3217 1491 3246 ad
1516 3216 1640 3246 nostram
1664 3214 1850 3255 donatione—m
1868 3213 1903 3243 &
1924 3212 2043 3257 liberam
2060 3211 2291 3254 dispositionem,
2306 3217 2371 3255 jure

1308 3264 1485 3294 prerogative
1498 3254 1620 3285 Corone
1636 3251 1733 3295 nostre
1746 3251 1840 3289 Regie
1851 3248 1957 3288 Anglie
1969 3250 2024 3281 hae
2038 3258 2104 3281 vice
2117 3250 2299 3291 spectantem.

1346 3293 1393 3325 Eo
1408 3293 1487 3332 quod
1501 3292 1624 3332 expressa
1643 3299 1773 3328 menne,
1792 3291 1855 3321 &c-

1345 3370 1380 3401 In
1400 3371 1479 3409 cujus
1497 3370 1553 3409 rei,
1570 3369 1632 3401 &c.

1343 3446 1433 3480 Teste
1452 3447 1534 3487 Rege
1547 3445 1622 3486 apud
1641 3439 1916 3485 qulmonasserium,
1931 3440 2050 3475 decimo
2065 3444 2170 3483 quinto
2185 3444 2232 3476 die
2249 3447 2334 3476 Maii.

1384 3545 1407 3562 ἱ
