2561 4263
59 186 193 222 Anti-D.

86 229 169 266 1635.

62 271 117 294 Au.
137 277 175 296 ιιι

63 310 128 332 (ΖΑ-ν.
151 316 174 332 i.

65 345 86 364 ¹¹¹
107 345 188 373 xix.

67 384 132 411 660.

102 3312 119 3331 ὓ
134 3308 218 3338 XIX.

99 3351 164 3378 ⁶61.

207 121 230 148 2
271 123 275 127 .

622 88 1421 157 offloNviizNTioNEi-s,
1466 69 1951 156 ‡÷·1T·El„sAEsoe

2083 102 2147 115 βπ

213 192 284 227 dum
299 187 599 224 &constituendiim,
615 188 647 219 ὁ(
661 165 822 218 dnines‘eos
834 195 904 224 quos
921 182 1094 216 Rebelles&
1109 177 1272 215 contrarios.
1302 176 1442 212 prefertur
1460 158 1635 216 assidendum
1655 175 1695 206 δι’
1708 163 1895 216 ponendum,
1914 165 2235 211 videlicetssfque'mlibet
2256 160 2356 200 eorum
2383 160 2460 193 Ar¹¹¹-
2477 161 2518 194 D·

217 231 357 260 inveneris
374 240 402 259 in
415 226 558 258 Pi'eiiiissis

577 226 693 256 Carceri
709 225 942 261 mancipandum,
960 232 987 251 in
997 221 1093 251 eadem
1110 223 1269 247 moraturos
1300 214 1373 251 juxta
1391 214 1492 243 statum
1508 208 1599 250 suum,
1614 215 1756 243 facultates
1771 207 1895 248 suaS,'’&
1909 211 2054 250 poi⁷tiories
2069 207 2152 248 supe?
2163 209 2234 247 ipsos
2251 206 2357 239 aiseffas
2397 201 2483 241 1635·

216 274 361 308 quomque
377 279 427 305 pro
444 276 544 297 eorum
561 265 761 294 deliberatione
775 263 886 291 ulterius
895 261 1055 290 duxerimus
1070 254 1268 286 ordinandum.
1305 263 1353 292 per
1369 253 1556 282 distrietiones
1571 253 1672 281 aliosve
1691 252 1792 281 modos
1806 251 1917 280 debitos
1935 250 2102 285 levandum,
2120 249 2153 278 &
2178 247 2358 278 Colle&ores
2380 243 2432 268 Af*-
2453 253 2495 270 ¹¹-

257 307 462 344 Affigiiavi‘rrius
476 306 560 334 etiam
577 312 603 332 te
617 308 753 338 pietatum
770 300 906 336 Jh'ajorem
921 301 1008 333 Bia-gi
1018 297 1048 325 de
1065 292 1222 330 Dorchester
1238 289 1272 319 ad
1305 297 1333 322 in
1348 292 1402 323 hac
1417 300 1492 327 patre
1508 291 1717 320 nominandum
1733 291 1765 322 ὃ(
1782 288 2015 318 constituendum
2054 290 2085 318 ὃς
2100 297 2202 316 omnes
2217 297 2265 316 eos
2289 295 2360 322 quos
2389 289 2451 314 car.
2475 294 2499 312 i.

225 346 400 379 assidendum
415 353 514 374 omnes
529 342 658 371 hemines
681 342 707 368 in
725 339 852 375 preciic'to
869 336 964 373 Burgo

225 424 349 464 predicte
364 432 421 451 non
439 421 504 449 hii-14
512 427 573 448 ntes
581 439 590 454 ,

223 462 406 494 tribuendum
424 457 553 495 Expensis
568 457 642 485 circs
658 453 855 484 provisionem
873 451 1068 487 prcrnifforum
1095 445 1274 475 neceffiiriam

982 338 1014 365 δε
1040 333 1178 363 membris
1203 329 1274 366 ejus-
1308 325 1438 363 Rebelles
1453 322 1484 359 8(

227 388 315 422 dem,
335 384 366 412 &
384 383 475 413 Terre
490 381 637 410 ‘senentes
653 378 681 406 in
704 377 826 412 eisdem,
846 376 965 405 Navem
986 373 1030 414 yel
1051 379 1156 410 partem
1181 367 1281 398 Nav-is.
1305 371 1334 398 in
1347 368 1450 398 eodem
1467 376 1640 404 moraturos,
1655 375 1733 404 quon
1746 368 1801 403 que
1827 375 1879 403 pro

615 416 657 445 vel
673 417 699 444 in
716 416 818 444 eisdem
833 414 850 431 *¹
866 423 925 443 non
942 412 1142 443 delervientes,
1159 408 1274 436 adcon·
1307 408 1469 437 duxerimus
1479 405 1678 435 ordinandum.
1871 418 1874 421 *

2005 309 2120 356 &arceri
2129 325 2363 364 mancip-andum,

1902 374 2003 395 eorum
2026 364 2227 395 deliberatione
2249 364 2362 394 ulterius

1500 331 1655 358 contrarios
1669 329 1733 357 inve
1773 328 1804 356 ris
1820 329 1847 356 in
1859 325 1997 357 Premiffis

1346 444 1382 474 Et
1404 444 1518 473 ulterius
1536 442 1746 479 Affigiiavimus
1765 450 1792 472 te
1813 442 1951 481 prefatum
1969 439 2181 472 Vicecomitem
2203 439 2366 471 Comitatus

226 504 259 533 ὃς
275 501 353 537 snper
370 498 525 535 predictum
545 494 666 531 Burgum
684 501 754 521 cum
770 491 903 519 membris
915 489 1034 525 ejusdem
1046 509 1055 525 ,
1072 486 1108 515 sic
1125 493 1157 513 ut
1170 483 1275 522 prefer·
1311 482 1399 514 nostri
1416 480 1534 519 Dorsbt,
1553 482 1586 510 ad
1600 481 1773 511 aisidendum
1790 490 1891 510 omnes
1907 480 2036 510 homines
2051 481 2079 509 in
2096 479 2224 517 prediffls
2239 479 2318 509 Villis
2331 479 2366 510 de

225 549 272 571 tui*
285 536 461 568 allidendum
483 535 515 563 δί
531 530 715 570 ponendum,
733 528 863 558 videlicet

227 579 333 609 statum
351 576 428 604 suum
447 573 478 602 δε
494 571 635 601 ficultates
651 570 723 605 suas,
743 567 774 596 ὃς
791 566 936 600 portiones
961 566 1038 603 super

226 627 276 654 pei·
295 614 481 643 districtiones
493 610 593 638 aliosve
608 607 710 635 nzodos
731 604 842 633 debitos
859 603 1029 639 levandum,

226 656 256 685 in
272 654 325 683 liae
341 659 416 688 parte
432 646 640 680 nominandum
657 645 688 675 ὃς
705 642 951 678 constituendum,
970 642 1002 671 &
1018 648 1119 669 omnes
1143 647 1190 667 eos
1208 644 1279 674 quos

227 692 361 723 Relelles
382 690 414 719 ὅτ
430 686 589 717 contrarios
607 680 745 718 inveneris
761 681 789 709 in
810 679 952 710 Premissis
971 678 1086 710 Carceri
1113 676 1279 713 mancipan-

228 732 298 761 dum
308 753 317 767 ,
332 731 360 758 in
368 726 480 757 codem
496 730 653 752 moraturos
666 719 807 759 quousque
821 728 873 756 pio
888 727 990 749 eorum
1014 715 1216 747 deliberatione
1238 712 1280 742 ul-

226 771 313 801 terius
326 766 484 797 duxerimus
495 760 693 791 ordinandum.
1090 761 1093 765 ·

266 805 471 845 Affignavimus
483 801 566 830 etiam
581 806 609 829 te
623 797 761 836 prefatum
779 794 921 832 Maiorem
937 793 1012 824 Ville
1029 793 1062 824 δε
1079 791 1162 829 Burgi
1176 790 1211 820 de
1222 792 1284 818 Wa-

230 846 342 880 reham,
360 843 392 871 ad
407 840 584 871 affidendum
599 845 699 867 omnes
714 835 845 864 homines
861 835 888 863 in
903 832 1027 871 predieta
1045 830 1119 861 Villa
1140 832 1172 860 δι’
1190 828 1284 865 Burgo

229 886 263 915 δε
281 881 415 914 membris
437 877 577 916 ejusdem,
602 877 635 907 Sc
656 875 747 904 Terre
764 881 890 902 tenentes
910 873 937 901 in
959 870 1081 906 eisdem,
1101 868 1215 899 Navem
1238 865 1284 896 vel

230 931 341 960 partem
358 918 450 948 Navis
465 926 526 946 non
545 915 695 950 habentes,
714 911 757 942 vel
773 913 799 940 in
822 911 923 940 eisdem
947 919 1006 939 non
1029 908 1229 940 deservientes,
1248 903 1282 933 ad

230 956 473 991 contribuendum
488 953 621 990 Expeiifis
638 953 712 981 circa
727 949 924 979 Provisionem
941 947 1144 977 Premissorum
1159 943 1284 974 necella-

231 1000 320 1038 riam,
339 996 463 1034 &super
484 992 639 1030 predictam
660 988 762 1018 Villam
781 989 813 1018 ὃ(
828 987 954 1024 Burgum
972 995 1041 1015 cum
1061 984 1198 1013 membris
1213 981 1284 1019 ejus—

228 1037 299 1068 dem
309 1059 318 1074 ,
337 1036 374 1065 sic
390 1042 421 1063 ut
437 1030 573 1069 prefertur
586 1027 761 1059 allidendum
771 1027 803 1057 ὅ(
814 1025 979 1064 ponendum
989 1046 999 1061 ,
1015 1023 1147 1053 videlicet
1157 1043 1166 1058 ,
1183 1029 1284 1057 quem-

231 1077 301 1107 libet
318 1082 418 1105 eorum
432 1072 512 1108 juxta
532 1068 634 1098 statum
650 1067 728 1095 suum
744 1065 776 1096 &
794 1064 937 1094 facultates
950 1063 1006 1092 suas
1023 1063 1055 1093 ὅ(
1078 1061 1220 1100 portiones
1241 1057 1285 1087 su-

233 1124 283 1154 per
300 1114 370 1150 ipsos
392 1108 516 1143 alienas,
533 1117 580 1145 per
604 1104 793 1135 distriCnones
811 1102 912 1132 aliosve
935 1102 1036 1131 modos
1058 1100 1169 1129 debitos
1188 1098 1284 1127 levari-

232 1154 304 1183 dum
314 1174 322 1189 ‚
341 1152 372 1180 ὅ(
390 1147 568 1179 Colleetores
583 1145 611 1173 in
626 1143 680 1173 hac
696 1152 771 1179 parte
781 1140 988 1171 nominandum
1003 1141 1035 1170 ὃς
1045 1136 1284 1176 constituendum,

233 1193 268 1222 δε
285 1197 386 1219 omnes
401 1196 450 1217 eos
463 1194 533 1223 quos
549 1183 679 1212 Rebelles
701 1182 733 1211 ἃ
756 1180 915 1210 contrarios
936 1178 1077 1208 inveneris
1093 1177 1119 1204 in
1144 1173 1285 1204 Preniissis

232 1228 350 1260 Carceri
364 1222 583 1260 mancipandum
597 1221 627 1251 iri
642 1219 744 1249 eodem
759 1225 932 1254 moraturOS,
953 1216 1097 1254 quousque
1115 1222 1168 1252 pro
1183 1219 1285 1241 eorum

232 1267 434 1299 deliberatione
449 1263 562 1293 ulterius
575 1260 737 1289 duxerimus
746 1255 944 1286 ordinandum.

272 1303 482 1338 Alsignavitnus
496 1300 578 1329 eiiam
593 1306 621 1328 te
635 1297 770 1336 prefatum
789 1293 929 1331 Majorem
944 1293 1018 1323 Ville
1033 1291 1067 1321 dc
1084 1287 1284 1330 llbyrwuth&

232 1338 381 1375 Meli'OJJJbe
395 1343 489 1377 Regis,
508 1337 541 1368 ad
557 1335 731 1367 assidendum
748 1342 847 1362 omnes
862 1332 989 1361 homines
1012 1332 1038 1359 in
1058 1329 1189 1367 predictis
1206 1326 1286 1356 Villis

234 1384 267 1414 δε
283 1381 416 1412 membris
438 1376 576 1415 ejusdem,
595 1375 628 1405 δε
647 1374 739 1403 Terre
760 1380 887 1402 tenentes
909 1371 937 1399 iri
958 1369 1077 1405 eisdem,
1096 1367 1213 1397 Navem
1225 1363 1283 1408 'vel

233 1430 342 1460 partem
360 1417 453 1448 Navis
465 1414 588 1453 prediste
605 1421 663 1442 non
673 1411 806 1441 habentes
816 1432 825 1446 ,
840 1409 884 1438 vel
898 1410 925 1438 in
941 1408 1043 1438 eisdem
1054 1416 1111 1436 non
1126 1405 1281 1445 deservien-

232 1469 292 1497 tes,
310 1458 344 1488 ad
358 1452 599 1486 contribuendum
613 1449 751 1487 Expensas
764 1450 837 1478 circa
859 1446 1055 1477 Provilionem
1078 1443 1282 1484 Premiliorum

234 1497 433 1533 necessariam‚
451 1494 482 1523 ὅ(
500 1491 578 1528 super
600 1489 755 1527 predfflam
779 1486 880 1516 Villam
903 1495 969 1515 cum
993 1484 1127 1514 membris
1145 1481 1283 1520 ejusdem,

235 1538 274 1569 sic
295 1545 323 1565 ut
345 1532 479 1572 prefertur
502 1528 675 1560 allidendum
698 1527 731 1556 &
755 1524 938 1562 ponendum,
958 1522 1109 1560 videlicet,
1127 1519 1283 1563 quemlibet

235 1583 337 1607 eorum
353 1575 425 1609 juitta
443 1570 545 1600 statum
561 1567 640 1597 suum
654 1568 687 1597 ὅ(
703 1564 845 1594 facultates
862 1563 921 1593 suas
935 1564 966 1593 ὃ(
985 1563 1128 1600 portiones
1147 1563 1225 1595 super
1240 1560 1281 1595 ip-

233 1616 277 1645 sos
291 1611 413 1648 alseffiis,
429 1618 478 1648 per
491 1606 680 1637 districtiones
693 1603 793 1632 aliosve
814 1601 916 1631 modos
938 1601 1046 1630 debitos
1067 1597 1233 1635 levandum,
1250 1599 1283 1627 δε

236 1651 417 1683 collectores
429 1650 456 1678 in
472 1647 526 1677 hac
540 1653 615 1682 parte
632 1641 839 1673 nominandum
855 1641 887 1671 ὅ(
906 1637 1137 1670 constituendum
1148 1659 1157 1674 ,
1173 1636 1205 1664 &
1218 1645 1284 1665 om-

237 1701 291 1724 nos
312 1699 357 1719 eos
370 1697 439 1726 quo:
453 1685 583 1715 Rebelles
598 1684 631 1714 ὃ(
645 1681 799 1711 contrarios
815 1680 952 1709 inveneris
967 1678 993 1706 in
1011 1673 1152 1707 Premiffis
1166 1674 1284 1704 Carceri

237 1726 461 1765 mancipandum
473 1747 482 1762 ,
501 1724 529 1753 in
546 1722 648 1753 eodem
667 1727 840 1755 mortuui-05,
860 1716 1004 1755 quousque
1024 1724 1075 1753 pro
1093 1722 1195 1744 corum
1218 1713 1288 1744 deli-

237 1768 380 1801 beratione
396 1765 506 1794 ulterius
519 1761 678 1792 duxerimus
690 1757 889 1788 ordinandum.
1271 1754 1273 1758 ·

276 1804 485 1844 Affignavimus
500 1801 584 1830 etiam
600 1807 651 1828 vos
665 1797 784 1835 prefatos
795 1795 915 1826 Ballivos
929 1793 1017 1831 Burgi
1032 1793 1069 1825 de
1084 1792 1234 1832 Bridport,
1251 1791 1288 1822 ad

237 1844 413 1876 assidendum
430 1848 532 1870 omnes
547 1838 677 1868 homines
695 1837 723 1866 in
739 1834 844 1865 eodem
861 1832 993 1873 Burgo&
1003 1833 1140 1862 membris
1153 1831 1287 1869 ejusdem,

237 1885 271 1915 ὃ(
285 1883 378 1913 Terre
392 1886 518 1910 tenentes
534 1878 562 1906 in
580 1875 700 1913 eisdem,
719 1873 836 1904 Navem
853 1872 896 1902 vel
919 1881 1026 1910 partem
1047 1870 1140 1900 Navis
1161 1869 1288 1906 medidie

236 1932 298 1953 non
311 1921 463 1955 habentes,
482 1916 526 1946 vel
540 1916 568 1945 iri
584 1913 689 1945 eisdem
705 1922 766 1943 non
776 1911 974 1947 deservientes,
992 1909 1025 1939 ad
1044 1908 1285 1939 contribuendum

236 1959 371 1998 Expensis
395 1959 469 1987 circa
495 1953 686 1983 Provisionem
710 1949 915 1980 Premifforum
939 1947 1137 1985 necessariam,
1155 1947 1188 1977 &
1209 1946 1289 1985 super

236 1999 396 2039 predi&um
419 1995 544 2030 Burgum
557 1992 625 2022 cum'
642 1990 778 2020 membris
792 1988 915 2026 ejusdem
930 1987 966 2017 sic
983 1996 1012 2017 ut
1026 1986 1162 2026 prefertur
1170 1985 1289 2016 affiden-

236 2039 308 2069 dum
321 2037 352 2066 &
367 2033 548 2072 ponendum,
566 2029 717 2065 videlicet,
735 2028 889 2065 quemlibet
896 2035 997 2056 eorum
1009 2027 1084 2063 juxta
1094 2024 1196 2054 statum
1205 2023 1288 2054 suurn

237 2078 270 2108 &
284 2075 425 2106 facultates
441 2071 514 2107 suas,
530 2072 562 2100 &
581 2069 723 2106 portiones
742 2066 820 2103 super
838 2065 910 2103 ipsos
926 2063 1049 2101 affeffas,
1068 2073 1116 2100 per
1133 2062 1288 2093 distriffio-

236 2125 286 2146 nes
298 2113 398 2144 aliosve
413 2109 516 2140 modos
539 2107 649 2137 debitos
665 2104 831 2142 levandum,
851 2104 883 2134 &
898 2102 1075 2133 Colle&0res
1090 2103 1119 2132 in
1140 2101 1194 2131 hac
1212 2107 1288 2139 parte

240 2150 450 2185 nominandum
467 2148 499 2177 &
515 2143 761 2180 constituendum,
786 2143 818 2173 ὃ(
841 2151 941 2172 omnes
963 2150 1012 2171 eos
1032 2150 1103 2178 quos
1120 2139 1239 2170 Rebelle
1256 2140 1291 2170 &

239 2190 397 2224 contrarios
411 2185 569 2217 inveneritis
587 2185 616 2213 in
637 2182 778 2213 Premiffis
800 2179 916 2210 Carceri
936 2179 1155 2216 mancipandum
1167 2202 1176 2217 ,
1193 2180 1221 2208 in
1240 2188 1290 2208 eo-

236 2232 304 2262 dem
321 2234 479 2258 moraturos
493 2222 638 2261 quousque
651 2230 704 2260 pro
717 2229 818 2252 eorum
834 2219 1034 2250 deliberatione
1048 2217 1162 2249 ulterius
1178 2217 1291 2248 duxeri-

237 2278 301 2300 mus
317 2265 516 2297 ordinandum.

276 2304 487 2342 Affignavimus
500 2301 587 2332 etiam
600 2307 628 2330 te
642 2298 780 2337 prefatum
798 2296 942 2335 Maiorem
956 2294 1043 2332 Burgi
1059 2295 1093 2326 de
1111 2297 1290 2335 Lym-Regis,

239 2345 277 2377 ad
289 2343 462 2375 affidendum
477 2348 578 2370 omnes
594 2339 725 2368 homines
737 2338 765 2366 iri
781 2337 882 2366 eodem
900 2335 994 2373 Burgo
1011 2335 1043 2365 &
1067 2335 1204 2364 membris
1218 2334 1289 2372 ejus-

238 2385 324 2420 dem,
342 2383 374 2412 &
390 2380 480 2410 Terre
496 2385 623 2408 tenentes
638 2378 666 2407 in
680 2375 801 2413 eisdem,
819 2374 936 2404 Navem
947 2373 990 2403 vel
1005 2381 1112 2412 partem
1125 2372 1218 2402 Navis
1225 2381 1287 2407 pre-

238 2423 319 2454 diste
336 2429 395 2449 non
423 2418 573 2455 habentes,
587 2414 631 2445 vel
653 2416 680 2443 in
703 2414 806 2443 eisdem
831 2423 890 2443 non
912 2411 1112 2449 deservientes,
1129 2411 1162 2440 ad
1182 2410 1289 2441 contri-

236 2460 383 2491 buendum
399 2456 529 2493 Expenlis
550 2455 626 2484 circa
645 2452 841 2483 Provisionem
864 2449 1069 2480 Premilsorum
1090 2449 1288 2486 necessariam,

239 2500 273 2530 ὃ(
287 2500 363 2534 super
375 2494 532 2534 predietum
549 2491 674 2527 Burgum
691 2500 758 2521 curn
773 2489 909 2519 membris
925 2489 1060 2525 ejusdem,
1080 2488 1118 2518 sic
1138 2496 1168 2518 ut
1185 2487 1288 2524 prefer—

236 2546 282 2568 tur
303 2534 477 2566 assidendum
501 2532 533 2562 ὃς
554 2530 735 2569 ponendum,
750 2528 898 2564 videlicet,
914 2527 1070 2563 quemlibet
1094 2536 1195 2556 eorum
1215 2527 1287 2560 iuxta

240 2575 344 2606 statum
361 2573 440 2602 suum
461 2571 493 2602 ὃ(
510 2569 651 2599 facultates
671 2567 743 2604 suas,
760 2566 791 2596 δι
814 2566 955 2603 portiones
976 2564 1054 2604 supe-r
1076 2565 1146 2602 ipsos
1164 2564 1288 2601 allessas,

239 2623 288 2651 per
309 2610 495 2641 districtiones
509 2607 614 2637 aliosve
628 2605 730 2635 modos
750 2606 860 2634 debitos
876 2604 1042 2639 levandum,
1061 2604 1093 2633 &
1111 2602 1288 2633 Colleetoies

240 2654 268 2681 in
284 2652 334 2680 hac
349 2657 422 2685 parte
437 2645 640 2675 nominandum
657 2644 689 2674 δε
706 2642 957 2682 constituendum,
973 2643 1006 2672 δε
1022 2651 1124 2670 omnes
1143 2650 1192 2671 eos
1216 2650 1287 2678 quos

238 2688 372 2720 Rebeiies
394 2686 426 2715 δε
450 2684 605 2713 contrarios
627 2681 764 2712 inveneris
784 2681 810 2708 in
834 2679 974 2708 Premissis
989 2678 1103 2708 Carceri
1123 2680 1288 2715 mancipan-

238 2728 326 2763 dum,
346 2727 374 2754 in
388 2722 491 2753 eodem
508 2729 684 2756 moraturos,
703 2717 847 2756 quousque
857 2726 908 2754 pro
922 2726 1021 2746 eorum
1037 2717 1238 2747 deliberatione
1245 2717 1288 2746 ul·

237 2767 322 2797 terius
343 2763 504 2793 duxerimus
519 2758 717 2789 ordinandum.

278 2801 486 2841 Affignavimus
501 2800 584 2827 etiam
605 2805 633 2826 te
655 2795 791 2833 prefatum
816 2792 961 2830 Majorem
986 2792 1069 2831 Burgi
1092 2792 1126 2822 de
1146 2791 1235 2831 Corff,
1254 2791 1287 2822 ad

239 2842 412 2874 assidendum
427 2846 526 2866 omnes
542 2836 671 2866 homines
687 2835 715 2864 in
730 2833 829 2862 eodem
846 2831 939 2869 Burgo
956 2833 987 2862 δε
1004 2832 1139 2860 membris
1153 2831 1288 2869 ejusdem,

239 2883 273 2913 &
291 2879 382 2909 Terre
395 2883 522 2906 tenentes
538 2875 566 2902 in
581 2873 702 2909 eisdem,
720 2871 838 2900 Navem
855 2869 899 2898 vel
921 2878 1030 2906 partem
1054 2868 1146 2899 Navis
1162 2869 1287 2908 prediste

241 2928 302 2948 non
316 2916 448 2946 babentes
465 2913 507 2941 vel
524 2912 553 2941 in
570 2910 672 2940 eisdem
695 2919 754 2939 non
773 2908 971 2944 deservientes,
990 2908 1023 2936 ad
1045 2908 1286 2938 contribuendum

239 2954 372 2993 Expenlis
393 2954 468 2982 circa
493 2950 689 2981 Proviiionem
716 2945 919 2986 premissorum
944 2944 1138 2981 necessariam,
1157 2948 1189 2976 &
1211 2947 1289 2984 super

240 2993 401 3033 predi-stum
419 2990 539 3027 Burgum
555 2996 623 3017 curn
645 2985 781 3016 membris
803 2984 942 3020 ejuidem‚
961 2984 997 3013 fic
1020 2994 1049 3014 ut
1072 2984 1207 3021 prefertur
1228 2985 1289 3014 affi-

240 3032 367 3063 dendum
388 3031 420 3060 &
438 3025 617 3065 ponendum,
637 3025 783 3059 videlicet,
802 3022 953 3060 quemlibet
975 3031 1076 3052 eorum
1096 3024 1168 3058 juxta
1186 3022 1288 3053 statum

242 3073 322 3100 suum
339 3070 370 3099 ὀὶ
387 3067 527 3098 facultates
541 3065 613 3101 suas,
631 3065 662 3093 δε
677 3063 821 3098 portiones
840 3060 919 3096 super
938 3060 1009 3097 ipsos
1032 3060 1156 3098 affeiias,
1176 3071 1224 3099 per
1246 3061 1289 3090 di-

243 3108 401 3139 stristiones
412 3104 514 3134 aliosve
528 3102 629 3132 modos
643 3102 755 3131 debitos
772 3099 920 3128 levandum
930 3121 938 3134 ,
955 3100 988 3129 &
1003 3098 1178 3129 collectores
1195 3101 1224 3129 in
1234 3101 1288 3131 hac

245 3156 322 3184 parte
333 3141 557 3182 nominandum,
576 3141 608 3170 ὃ(
622 3137 850 3169 constituendum
860 3159 869 3173 ,
888 3139 1026 3167 &omues
1040 3147 1087 3166 eos
1099 3148 1169 3175 quos
1185 3138 1290 3167 Rebel-

245 3185 284 3215 ies
297 3185 330 3214 ὅ(
344 3181 500 3212 contrarios
513 3179 652 3208 inveneris
675 3178 703 3205 in
726 3174 869 3206 Premiii‘is
890 3174 1004 3204 Carceri
1023 3176 1241 3212 mancipandum
1263 3178 1292 3206 in

245 3222 350 3252 eodem
365 3227 538 3254 moraturos,
557 3215 699 3254 quousque
716 3223 768 3251 pro
781 3221 882 3244 eorum
895 3212 1096 3244 deliberatione
1117 3215 1229 3245 ulterius
1241 3215 1294 3245 du-

248 3261 370 3292 xerimu<
383 3256 580 3287 ordinandum.

292 3300 306 3315 ⁴*
324 3295 528 3332 Affignavimus
541 3293 625 3324 etiam
647 3300 675 3321 te
695 3289 833 3328 prefatum
851 3288 995 3326 Majorem
1017 3288 1100 3328 Burgi
1122 3290 1157 3321 de
1177 3289 1297 3328 Shafton

251 3336 315 3368 alias
328 3331 522 3372 Shaftesbury,
535 3331 570 3361 ad
587 3329 760 3360 assidendum
775 3337 874 3357 omnes
888 3328 1016 3356 homines
1034 3328 1063 3356 in
1085 3330 1185 3359 eodem
1202 3329 1298 3368 Burgo

251 3376 285 3407 &
304 3373 439 3404 membris
452 3371 571 3407 ejusdem
584 3368 716 3400 &Terre
730 3374 856 3397 tenentes
869 3367 896 3394 in
913 3365 1016 3395 eisdem
1026 3388 1035 3402 ,
1054 3365 1169 3397 Navem
1183 3369 1228 3397 vel
1237 3377 1297 3406 par-

253 3423 315 3444 tem
327 3410 419 3441 Navis
432 3408 556 3447 predifflke
573 3416 630 3436 non
649 3406 796 3441 habentes,
814 3404 857 3432 vel
874 3405 900 3432 in
917 3404 1019 3433 eisdem
1030 3414 1088 3433 non
1103 3406 1297 3444 deservientes,

251 3452 288 3483 ad
303 3447 547 3480 contribuendum
562 3444 694 3483 Expenlis
715 3444 789 3473 circa
813 3441 1008 3471 provisionem
1030 3441 1228 3472 I'remissorum
1248 3455 1298 3475 rie-

254 3488 416 3520 cessariam,
435 3484 558 3520 &super
573 3483 731 3519 predistum
757 3480 879 3519 Burgum
905 3490 974 3509 cum
997 3482 1132 3510 membris
1153 3482 1277 3519 ejusdem
1289 3505 1298 3520 ,

256 3528 295 3558 sic
313 3535 341 3555 ut
357 3524 491 3561 prefertur
510 3521 682 3550 affidcndum
704 3521 736 3551 ὃς
761 3518 945 3556 ponendum,
970 3519 1117 3555 videlicet,
1143 3521 1299 3556 quemlibet

255 3573 357 3596 eorum
370 3562 446 3598 juxta
461 3559 561 3589 statum
573 3558 651 3588 suum
668 3559 697 3587 ὃ(
712 3557 855 3587 facultates
869 3555 925 3586 suas
935 3578 943 3592 ‚
962 3556 993 3585 ὃ(
1005 3559 1147 3591 porriones
1164 3558 1242 3594 supe,-
1257 3560 1299 3595 ip-

256 3606 300 3634 sos
313 3600 432 3637 afleffis,
450 3607 498 3634 per
514 3596 700 3625 distrieuones
713 3595 815 3624 aliosve
837 3595 938 3623 modos
956 3594 1064 3624 debitos
1083 3596 1248 3633 levandum,
1266 3598 1299 3626 ὃς

258 3640 437 3672 Coiieetores
455 3638 484 3665 in
500 3635 551 3664 hac
567 3643 641 3669 parte
656 3633 863 3662 nominandum
879 3633 911 3662 ὃ(
926 3632 1176 3671 constituendum,
1195 3635 1315 3664 &oni--

257 3689 308 3710 nes
326 3687 374 3708 eos
390 3684 460 3713 quos
476 3672 604 3702 Rebelles
618 3673 650 3702 δε
665 3674 820 3700 contrarios
835 3672 974 3701 inveneris
989 3672 1016 3699 in
1035 3670 1173 3701 Premissis
1197 3672 1303 3703 Carce-

261 3719 284 3747 ri
300 3711 520 3751 mancipandum
530 3733 539 3747 ‚
557 3711 585 3738 in
601 3709 703 3751 eodem
720 3718 874 3737 moraturos
889 3709 1031 3747 quousque
1046 3720 1099 3746 pro
1114 3719 1216 3740 eorum
1233 3711 1303 3741 deli-

260 3755 405 3786 beratione
417 3749 527 3780 ulterius
542 3748 700 3778 duxerimus
713 3747 908 3776 ordinandum.

300 3790 506 3829 Affignavimus
520 3787 603 3816 etiarn
620 3795 648 3816 te
672 3784 808 3821 prefiturn
833 3785 968 3814 Ballivum
995 3783 1076 3823 Burgi
1095 3784 1129 3814 de
1149 3785 1308 3824 Blandford

259 3834 374 3864 Forum,
393 3826 427 3856 ad
441 3824 613 3855 assidendum
633 3832 731 3852 omnes
750 3823 879 3851 'nomines
893 3825 919 3851 in
932 3822 1033 3853 eodem
1052 3824 1145 3862 Biirgo
1164 3825 1196 3853 &
1214 3834 1305 3854 mem-

262 3870 319 3899 bris
335 3865 473 3905 ejuldem,
490 3863 522 3892 &
541 3862 631 3891 Terre
651 3870 776 3890 tenentes
798 3861 824 3888 in
844 3859 966 3897 eisdem,
986 3861 1105 3890 Navem
1129 3862 1174 3890 vel
1198 3872 1305 3900 partem

263 3907 357 3937 Navis
373 3902 496 3942 prediete
511 3909 570 3929 non
589 3899 737 3940 habenteS,
755 3898 798 3926 vel
820 3898 963 3939 irreisdem
985 3909 1042 3928 non
1059 3899 1259 3937 deservientes,
1271 3902 1304 3931 ad

258 3940 501 3975 contribuendum
514 3937 646 3973 Expenlis
660 3938 734 3965 circa
752 3936 949 3965 Provilionem
965 3936 1168 3966 Premifforum
1184 3939 1307 3969 necessa-

260 3984 347 4019 riam,
364 3982 397 4012 &
418 3978 496 4014 super
517 3974 678 4013 predictum
697 3973 824 4013 Burgum
848 3974 881 4004 ὃ(
902 3975 1040 4004 membris
1061 3975 1197 4014 ejusdem,
1218 3977 1254 4008 lic
1277 3987 1307 4009 ut

873 549 882 564 ,
901 526 1057 563 quemlibet
1077 533 1177 554 eorum
1197 522 1275 559 juxta
1311 521 1468 556 Partland,
1488 522 1594 548 Burton
1605 541 1614 554 ,
1630 519 1776 548 Sherborne
1790 520 1822 548 ὅ(
1835 518 1997 554 Stoborough
2018 519 2050 548 δε
2066 519 2095 547 in
2111 518 2247 548 membris
2265 527 2367 548 eorun-

1059 563 1132 599 ip10s
1151 559 1276 596 assessas,
1310 561 1394 597 dem,
1411 561 1443 589 &
1460 568 1486 586 iri
1504 558 1637 600 omnibus
1649 559 1706 587 aliis
1726 556 1820 594 Villis,
1838 556 1960 593 Villatis,
1972 556 2142 594 Hamlettn,
2160 556 2256 593 Burgis
2270 556 2368 586 &aliis

1048 603 1080 631 ὅ(
1101 599 1279 629 collectores
1312 599 1382 628 locis
1404 598 1432 626 in
1455 595 1584 634 predicto
1601 593 1751 625 Coniitatu
1766 592 1866 633 Dors2÷t
1900 597 1932 626 &
1954 594 2045 625 Terre
2068 603 2194 625 tenentes
2217 596 2245 624 in
2262 595 2367 624 eisdem

1316 636 1445 673 (Navem
1461 634 1506 678 vel
1523 632 1747 676 parterirNav-is·
1769 618 1902 674 psepidfe'
1915 643 1973 676 nori
1991 633 2125 664 habentes
2148 633 2192 670 vel
2209 633 2237 661 in
2258 633 2366 663 eisdem

1315 685 1375 715 non
1391 674 1587 716 deservientes)
1614 678 1624 710 ᾗ
1658 671 1897 702 contribuendum
1912 671 2046 708 Expensis
2068 671 2367 702 circa-Provisionem

1316 713 1524 744 Premissorum
1539 720 1611 744 nece
1634 711 1736 746 ariam,
1755 710 1787 739 &
1799 706 1877 746 fiper
1893 709 2277 749 prediCcasVillasti'llgtas,
2296 709 2368 740 Bur-

1317 760 1388 790 gos,
1409 750 1565 780 Hamlettas
1580 749 1613 779 &
1629 749 1710 779 locos
1724 756 1792 778 cum
1812 748 1947 777 membris
1965 749 2143 787 eorundem,
2162 748 2200 779 sic
2215 758 2245 779 ut
2264 748 2373 786 prefer-

1318 798 1374 826 tur,
1389 788 1565 819 affidendurn
1578 789 1611 818 δε
1628 786 1793 825 ponendum
1804 807 1814 822 ‚
1831 785 1975 822 videlicet,
1994 787 2152 824 quemlibet
2172 797 2274 818 eorum
2291 789 2368 826 juxta

1318 828 1422 859 statum
1437 827 1517 857 suurn
1534 827 1567 856 ὅ(
1588 825 1730 856 facultates
1751 824 1827 862 suam,
1845 825 1877 854 &
1897 824 2043 861 portiones
2064 825 2142 865 super
2162 826 2234 864 ipsos
2259 825 2368 856 affeffiis

1318 875 1367 904 per
1384 865 1568 897 distriffiones
1580 864 1680 895 aliosve
1696 862 1799 894 modos
1819 863 1931 892 debitos
1950 861 2121 901 levandum,
2138 864 2171 895 &
2190 863 2371 895 Colleetores

1318 906 1347 934 iri
1363 905 1417 935 lisic
1432 912 1508 940 parte
1522 903 1734 933 nominandu'm
1747 903 1779 931 &
1796 900 2046 937 constituendum,
2066 901 2098 930 ὃ(
2110 912 2211 933 omnes
2228 913 2278 933 eos
2296 912 2368 941 quos

1320 942 1452 973 Rebelles
1473 944 1506 973 &
1524 943 1680 971 contrarios
1698 940 1837 969 inveneris
1856 940 1886 967 in
1904 937 2045 968 Premiffis
2065 938 2182 970 Carceri
2204 942 2370 978 mancipan-

1319 982 1390 1012 dum
1401 1004 1410 1018 ,
1428 982 1454 1010 in
1470 980 1572 1010 eodem
1589 988 1761 1015 moraturos,
1781 976 1925 1016 quousque
1941 986 1993 1014 pro
2008 986 2106 1008 eorum
2116 977 2315 1010 deliberatione
2330 980 2372 1010 ul-

1320 1022 1403 1050 terius
1418 1020 1579 1049 duxerimus
1592 1017 1793 1048 ordinandum.
1879 1036 1882 1039 ·
2260 1046 2263 1047 ⁷

1355 1058 1392 1089 Et
1407 1058 1520 1088 ulterius
1534 1057 1616 1086 vobis
1632 1055 1816 1092 Mandamus,
1836 1053 1914 1091 quod
1931 1055 2005 1085 circa
2020 1052 2159 1085 Premissa
2175 1054 2373 1093 diligenterin—

1321 1097 1439 1127 tendatis
1454 1097 1487 1126 ὃς
1503 1105 1534 1124 ea
1552 1096 1658 1125 faciatis
1671 1095 1704 1125 &
1719 1094 1895 1130 exequamini
1909 1101 1976 1122 cum
1997 1092 2104 1124 effectu
2126 1093 2176 1123 sub
2190 1094 2316 1130 periculo
2329 1096 2374 1124 in-

1319 1137 1490 1171 cumbente·⁷
1510 1133 1658 1163 Nolumus
1672 1140 1765 1162 autem
1780 1131 1876 1168 quod,
1895 1131 1995 1161 colore
2007 1131 2260 1169 predietiMindati
2276 1132 2376 1171 nostri,

1320 1174 1380 1211 plus
1394 1174 1430 1203 de
1443 1172 1546 1202 eisdem
1563 1171 1730 1201 hominibus
1742 1170 1835 1211 levari„
1842 1169 1968 1207 faciatis,
1984 1180 2072 1209 quam
2093 1170 2128 1201 ad
2143 1169 2279 1204 Premissa
2294 1170 2373 1201 suffi-

1321 1213 1394 1248 ciet,
1414 1210 1548 1248 Etpensas
1563 1209 1742 1246 necessarias,
1763 1216 1810 1238 aut
1828 1207 1905 1245 quod
1922 1208 2086 1247 quisquam,
2102 1207 2149 1247 qui
2170 1211 2319 1246 pecuniam
2337 1210 2375 1240 de

1321 1249 1577 1280 conti-ibuiionibus
1589 1249 1621 1278 ad
1638 1247 1762 1285 predicta
1778 1245 1902 1285 custagia
1926 1247 2056 1277 facienda
2078 1248 2225 1285 levaverit,
2244 1257 2307 1278 eam
2326 1247 2373 1278 vel

1321 1298 1428 1327 partem
1452 1289 1515 1317 inde
1538 1288 1660 1325 aliquam
1682 1295 1766 1323 penes
1780 1284 1807 1314 se
1827 1284 1965 1322 detineat,
1983 1286 2028 1315 vel
2052 1285 2087 1316 ad
2107 1286 2174 1316 alios
2196 1285 2256 1316 usus
2271 1288 2374 1326 quovis

1321 1327 1426 1365 quelito
1444 1326 1542 1356 colore
1560 1326 1736 1362 appropriare
1752 1325 1908 1362 presumat,
1927 1322 2078 1360 Volentes,
2096 1324 2174 1366 quod
2185 1325 2204 1354 si
2215 1324 2274 1364 plus
2286 1334 2373 1366 quam

1321 1365 1439 1396 sufficiat
1455 1364 1609 1394 collectum
1623 1363 1722 1398 fuerit,
1742 1363 1799 1392 hoc
1813 1362 1884 1394 inter
1896 1361 2035 1394 solventes
2046 1360 2160 1402 prorata
2173 1362 2314 1401 pottionis
2330 1364 2376 1405 ip-

1322 1405 1353 1435 sis
1371 1403 1566 1441 contingentis
1579 1403 1742 1434 exsolvatur.
2126 1424 2130 1428 ,
2190 1420 2194 1425 ,

2227 1458 2369 1494 Ίῖότ..

1321 1608 1384 1644 The
1407 1607 1463 1647 like
1488 1609 1581 1641 Wits
1605 1616 1634 1639 to
1658 1604 1692 1638 be
1716 1604 1849 1639 direned
1871 1604 2017 1644 (mutatis
2032 1604 2208 1651 mutandis)
2227 1599 2303 1641 untos
2329 1608 2381 1643 the

1367 1660 1500 1740 Cegnlt'ies
1523 1683 1533 1698 ‚
1568 1657 1675 1700 Ciues,
1703 1657 1810 1689 Tonans
1839 1653 1902 1688 and
1931 1654 2031 1689 Places
2059 1653 2207 1700 hereafter
2238 1657 2380 1707 ensuing,

1368 1719 1401 1741 Vl
1428 1717 1442 1740 C
1457 1715 1527 1740 lCet·
2302 1731 2304 1734 .
2346 1732 2347 1735 ,

1329 1800 1469 1858 REX,
1488 1801 1663 1833 Vicecomiti
1680 1799 1840 1831 Comitatus
1852 1797 1941 1830 nostri
1953 1799 2107 1839 cornubie,
2146 1815 2149 1817 -

1420 1842 1530 1885 *Majori
1539 1864 1548 1876 ,
1564 1840 1742 1883 Alderrnanis
1753 1840 1788 1870 &
1802 1839 1896 1883 liberis
1910 1837 2098 1878 Burgenlibus
2112 1836 2196 1877 Burgi
2211 1837 2247 1869 de
2254 1837 2376 1879 Saltasb,
2396 1843 2498 1874 emat

1363 1879 1470 1918 Maiori
1487 1883 1518 1912 ὅ(
1536 1879 1721 1917 Burgenlibus
1734 1877 1817 1916 Burgi
1831 1877 1867 1908 de
1881 1879 1946 1907 Port
1960 1876 2068 1917 Byham
2085 1877 2148 1908 alias
2165 1876 2323 1918 Wstlowe,
2499 1864 2509 1882 ⁸

1365 1919 1473 1958 Majori
1490 1920 1522 1951 &
1539 1917 1721 1957 Burgensibus
1734 1916 1817 1954 Burgi
1832 1916 1868 1946 de
1884 1915 2037 1956 stamme,

1366 1957 1473 1995 Maiori
1485 1959 1516 1989 &
1530 1956 1712 1995 Burgensibus
1726 1954 1812 1994 Burgi
1828 1955 1864 1985 de
1874 1957 1992 1993 Trwoe,

1365 1995 1474 2035 Maj0ii
1488 1998 1520 2028 ὅ(
1535 1995 1721 2033 Burgensibus
1737 1993 1819 2032 Burgi
1835 1993 1870 2024 de
1886 1995 2012 2032 Pmryn,

1366 2033 1494 2078 Maiori,
1515 2033 1711 2065 Aldermannis
1723 2033 1755 2064 ὃς
1770 2031 1986 2063 Communitati
2002 2032 2074 2063 Ville
2090 2032 2127 2064 de
2141 2030 2299 2073 Petelina,

1368 2073 1472 2110 Maiori
1491 2075 1523 2105 ὅ(
1540 2071 1723 2111 Burgensibus
1735 2070 1819 2110 Burgi
1834 2070 1870 2101 de
1885 2070 2045 2110 Padstowe,

1366 2112 1473 2148 Maiori
1487 2113 1519 2142 ὅ(
1533 2109 1715 2149 Burgenfibus
1731 2108 1815 2149 Burgi
1828 2110 1864 2139 de
1879 2111 2024 2140 Lirkerret
2038 2109 2100 2140 alias
2115 2110 2266 2149 Listeard,

1369 2150 1475 2188 Majori
1489 2152 1522 2182 &
1537 2149 1719 2188 Burgenlibus
1735 2148 1819 2186 Burgi
1833 2147 1870 2179 de
1884 2148 2075 2186 Loslwithiell
2081 2171 2090 2186 ‚

1366 2193 1381 2207 ¹·
1402 2189 1506 2226 Maiori
1522 2189 1555 2218 ἂ
1573 2186 1755 2225 Burgensibus
1769 2186 1853 2224 Burgi
1865 2185 1900 2216 de
1913 2186 2072 2225 Cullington
2086 2187 2150 2217 alias
2163 2186 2340 2227 Kellington,

1367 2227 1471 2264 Maiori
1484 2228 1516 2258 St
1531 2226 1713 2265 Burgensibus
1728 2224 1811 2263 Burgi
1824 2225 1859 2254 de
1877 2227 2015 2263 Tregony,

1365 2266 1470 2304 Maiori
1484 2267 1516 2296 ὅ(
1532 2263 1714 2303 Burgensibus
1730 2262 1813 2302 Burgi
1829 2262 1864 2293 de
1878 2264 2058 2302 Εναηῴοηε,

1367 2305 1474 2342 Maiori
1491 2306 1523 2336 ὅ(
1538 2302 1748 2334 Communitati
1764 2301 1847 2339 Burgi
1861 2301 1897 2331 de
1911 2302 2071 2334 Dunheved
2079 2302 2142 2334 alias
2157 2300 2328 2342 Lanceston,

1367 2343 1475 2382 Majori
1493 2344 1525 2374 δε
1543 2341 1756 2372 Communitati
1771 2340 1806 2371 de
1818 2337 1946 2379 liemon,

1368 2383 1473 2419 Majori
1491 2381 1542 2411 Bur
1563 2382 1570 2410 i
1584 2380 1618 2410 de
1634 2378 1782 2419 Boffemia,
1796 2381 1924 2408 Trevena
1936 2378 1969 2409 &
1982 2377 2134 2417 Tintagell,

1368 2421 1474 2459 Majori
1490 2420 1522 2450 ὅ(
1538 2389 1723 2460 Burgensibus
1737 2417 1820 2456 Burgi
1835 2417 1870 2447 de
1887 2417 2025 2456 Bodmyn,

1368 2459 1477 2497 Majori
1493 2460 1526 2489 ὅ(
1544 2457 1729 2496 Burgenlibus
1744 2455 1826 2494 Burgi
1840 2455 1875 2486 de
1890 2454 2058 2496 Camelford,

1365 2497 1474 2536 Majori
1489 2499 1521 2528 &
1536 2496 1588 2529 Bur
1609 2496 1718 2524 ensibus
1735 2494 1770 2526 de
1796 2496 1837 2523 St.
1852 2495 1983 2532 Mawes,
2000 2504 2034 2525 ac
2052 2494 2149 2532 probis
2168 2494 2333 2525 hominibus
2351 2495 2382 2525 in

1327 2536 1428 2567 eisdem
1445 2535 1524 2565 Villis
1544 2536 1575 2565 δε
1615 2533 1690 2573 urgis
1705 2533 1736 2563 ὅ(
1754 2530 1898 2562 Membris
1918 2533 2104 2570 eorumdem,
2121 2533 2155 2563 δε
2171 2533 2199 2561 ίη
2215 2532 2308 2570 Burgis
2323 2536 2383 2563 Mi-

1327 2575 1412 2613 chell,
1429 2575 1583 2612 Newport‚
1604 2575 1645 2602 St.
1662 2573 1797 2601 German:
1813 2571 1844 2600 &
1861 2573 1932 2607 For,
1950 2571 1983 2601 ὅ(
1999 2572 2028 2602 in
2046 2571 2181 2600 omnibus
2197 2570 2254 2600 aliis
2269 2571 2383 2610 Burgis,

1326 2612 1570 2682 Xilliss,lVillaris,
1587 2609 1738 2641 Hamlettis
1753 2610 1786 2642 &
1801 2608 1860 2639 aliis
1873 2608 1944 2639 locis
1966 2610 1996 2638 in
2015 2608 2096 2640 dieto
2113 2607 2264 2640 Comitatu
2281 2613 2383 2640 cornu-

1343 2664 1380 2689 ie,
1420 2662 1433 2680 a
1446 2660 1534 2680 utem.

1365 2726 1447 2766 Thes?
1461 2737 1509 2756 are
1524 2733 1551 2754 to
1564 2723 1727 2770 bescharged
1743 2722 1817 2752 with
1832 2733 1882 2753 one
1898 2722 1962 2761 Ship
1982 2721 2066 2764 offix
2086 2723 2216 2753 hundred
2234 2724 2292 2754 and
2300 2723 2384 2765 fffty

1328 2770 1415 2812 Tafis,
1433 2764 1554 2810 man-ned
1565 2762 1639 2792 with
1652 2771 1709 2791 two
1725 2760 1933 2807 hundredfixty
1955 2764 2024 2792 Men
2038 2762 2097 2792 and
2114 2761 2207 2792 double
2227 2765 2381 2803 Equtpage,

1328 2804 1401 2834 with
1417 2807 1560 2834 Mumrmn
1569 2824 1578 2838 ,
1598 2802 1693 2838 Wages
1707 2800 1768 2830 and
1779 2802 1808 2829 V
1809 2799 1916 2830 u‘luak.

2396 2188 2418 2209 ⁸
2432 2191 2517 2229 xlx;

2398 2229 2465 2260 662.

1366 2889 1450 2926 Rex,
1468 2888 1527 2918 &e
1545 2885 1719 2916 Vicecomiti
1734 2883 1899 2915 Comitatus
1916 2883 2004 2914 nostri
2019 2883 2177 2923 Leia-stne,

1368 2927 1492 2966 Majori,
1508 2925 1616 2956 Ballivis
1631 2925 1663 2955 &
1680 2923 1865 2961 Burgensibus
1880 2922 1964 2962 Burgi
1989 2923 2148 2962 Leicestrie‚
2165 2932 2198 2953 ac
2215 2924 2309 2961 probis
2329 2924 2386 2956 ho-

1330 2967 1452 2998 minibus
1466 2966 1492 2994 in
1506 2964 1607 2994 eodem
1623 2962 1717 3000 Burgo
1731 2966 1762 2991 ὄι
1775 2961 1916 2993 Membris
1928 2961 2070 3000 ejusdem,
2087 2962 2120 2991 &
2131 2963 2158 2991 in
2174 2961 2254 2994 Villis
2262 2964 2298 2994 de
2308 2965 2386 2994 Har.

1331 3006 1437 3040 bernw,
1457 3001 1706 3038 Bruntingthorpe,
1724 3001 1757 3031 &
1773 3000 1801 3029 in
1818 3000 1953 3029 omnibus
1975 3000 2034 3030 aliis
2051 2999 2145 3037 Villis,
2167 2998 2284 3039 arrigis,
2300 3001 2388 3032 Villa-

1333 3045 1384 3082 tis,
1404 3041 1558 3072 Hamlettis
1573 3041 1605 3071 &
1621 3039 1678 3070 aliis
1691 3039 1761 3069 locis
1775 3039 1803 3068 in
1817 3038 1897 3069 dicto
1907 3037 2055 3069 Comitatu
2072 3038 2234 3077 Leicestrie,
2252 3039 2388 3071 Salutem.

2420 2910 2517 2948 Leicest.

1366 3117 1448 3159 Thcfi·
1462 3128 1510 3147 are
1527 3125 1554 3147 to
1571 3115 1606 3161 be·
1618 3114 1737 3152 charged
1745 3113 1820 3144 with
1835 3123 1884 3143 one
1898 3112 1960 3152 Ship
1982 3111 2018 3152 ⁰f
2025 3111 2093 3151 four
2107 3112 2232 3143 hundred
2249 3113 2389 3156 andfifty

1331 3161 1399 3188 Tims
1410 3180 1419 3195 ,
1429 3155 1555 3202 ’manned
1565 3154 1640 3200 fruith
1655 3165 1702 3183 one
1717 3152 1844 3183 hundred
1849 3151 1987 3198 fqurscore
2002 3154 2071 3181 Men
2084 3153 2143 3181 and
2155 3152 2250 3184 double
2267 3154 2390 3195 Equipa-

1330 3208 1378 3235 ge,
1393 3195 1466 3226 with
1485 3197 1648 3231 Mannum,
1667 3194 1762 3230 Wages
1773 3191 1832 3222 and
1843 3192 1871 3220 V
1870 3190 1977 3220 rffuals.

1371 3283 1435 3314 Rex
1446 3305 1455 3320 ,
1474 3283 1534 3313 &c.
1548 3280 1727 3311 Vicecomiti
1742 3278 1903 3309 Comitatus
1917 3277 2006 3308 nostri
2020 3278 2110 3309 Midd.

1370 3322 1476 3353 Ballivo
1493 3319 1622 3350 Civitatis
1637 3317 1731 3349 nostre
1748 3315 1988 3356 Wstmonasterii‚
2007 3325 2040 3346 ac
2063 3317 2159 3357 probis
2176 3317 2339 3349 hominibus
2354 3317 2385 3349 in

1336 3361 1437 3392 eadem
1453 3358 1576 3389 Civitate
1591 3358 1622 3388 ὃ(
1640 3358 1668 3387 in
1684 3356 1858 3387 libertatibus
1874 3356 1906 3386 &
1922 3356 2057 3385 membris
2072 3355 2210 3393 ejusdem,
2233 3357 2266 3388 &
2282 3358 2310 3386 iri
2326 3355 2388 3386 Vil-

1337 3400 1368 3429 lis
1386 3398 1421 3428 de
1436 3395 1592 3435 Brainford
1604 3397 1636 3427 ὃς
1651 3395 1805 3431 Uxhridge,
1824 3393 1856 3424 δε
1872 3395 1900 3422 in
1923 3394 2059 3424 omnibus
2076 3395 2134 3423 aliis
2153 3394 2246 3433 Villis,
2265 3394 2391 3433 villatis,

1340 3436 1489 3467 l-iarnlettis
1504 3437 1537 3467 &
1554 3435 1611 3464 aliis
1627 3434 1696 3464 locis
1709 3435 1738 3464 in
1753 3433 1834 3463 dieto
1846 3429 1995 3462 Comitatu
2011 3431 2105 3462 Midd.
2123 3431 2260 3464 Salutem.

1374 3510 1455 3551 These
1465 3522 1512 3541 are
1528 3518 1555 3540 to
1570 3508 1731 3556 behcharged
1743 3508 1817 3538 with
1835 3518 1885 3538 one
1899 3506 1965 3545 Ship
1985 3506 2091 3547 offive
2105 3508 2232 3538 hundred
2249 3509 2310 3538 and
2319 3507 2391 3549 fifty

1339 3555 1427 3588 Tons,
1445 3549 1561 3595 mqnned
1574 3548 1647 3594 with
1662 3557 1719 3578 two
1739 3546 1866 3577 hundred
1874 3546 1935 3591 anfi
1945 3553 2051 3586 twenty
2065 3549 2131 3578 Men
2141 3547 2297 3578 anddouble
2304 3550 2392 3588 Equi·-

1334 3598 1420 3627 puge,
1438 3587 1510 3618 with
1525 3590 1664 3618 Mumtlon
1674 3609 1684 3625 ,
1704 3589 1800 3623 Wages
1814 3585 1872 3616 and
1882 3586 1911 3615 V
1911 3584 2018 3615 zo‘luals.

2400 3301 2487 3332 nidd.

1353 3672 1356 3677 '
1376 3673 1458 3710 Rex,
1477 3673 1537 3702 &c.
1556 3672 1730 3702 Vicecomiti
1744 3670 1910 3701 Comitatus
1925 3668 2014 3700 nostri
2029 3667 2097 3707 Suff

1377 3711 1503 3748 Ballivis,
1525 3710 1705 3748 Burgensibus
1719 3711 1751 3740 ὅ(
1767 3708 1979 3738 Communitati
1994 3707 2069 3738 Ville
2081 3709 2167 3746 Gippi.

1382 3749 1485 3785 Maiori
1502 3750 1532 3778 ὃ(
1550 3747 1758 3778 Communitati
1774 3747 1857 3785 Burgi
1871 3747 1907 3776 de
1920 3744 2040 3782 Orford,

1380 3787 1486 3817 Ballivis
1499 3788 1530 3816 ὅ(
1547 3786 1731 3825 Burgensibus
1748 3785 1830 3824 Burgi
1845 3786 1881 3814 de
1896 3780 2061 3821 Aldburgh‚

1379 3825 1507 3862 Ballivis,
1522 3825 1617 3863 probis
1632 3825 1796 3854 hominibus
1815 3824 1849 3854 &
1863 3821 2047 3857 Burgensibus
2065 3820 2137 3852 Ville
2149 3819 2185 3852 de
2196 3824 2338 3855 Dunwico

1380 3862 1487 3892 Ballivis
1501 3863 1532 3892 ὃ(
1544 3861 1728 3900 Burgenlibus
1743 3861 1815 3891 Ville
1832 3861 1868 3889 de
1883 3858 2058 3895 Southwold,
2344 3847 2354 3863 '

1380 3901 1485 3968 Basilo*
1495 3923 1504 3937 ,
1522 3901 1720 3930 Aldermannis
1732 3901 1765 3931 δε
1781 3897 1967 3934 Burgensibus
1982 3896 2017 3926 de
2032 3895 2184 3934 Hadleigh,

1406 3950 1416 3966 Χ
1440 3949 1490 3968 iVis

1342 3975 1403 4007 alias
1415 3979 1441 4006 E
1439 3987 1472 4016 ye
1481 3999 1490 4014 ,

2432 3677 2499 3716 suff.

1499 3961 1508 3976 ,
1525 3938 1709 3978 Burgensibus
1727 3938 1760 3969 &
1777 3935 1990 3968 Communitati
2009 3934 2083 3966 viiie
2097 3936 2130 3968 ὃς
2151 3934 2235 3976 Burgi
2256 3937 2292 3971 de
2310 3939 2395 3969 Hexa

2349 4013 2403 4046 ΑΙ-
