2561 4263
58 264 133 295 Arm.
146 262 190 295 D.
207 260 341 293 Rebelles
360 261 395 292 δε
412 261 570 292 contrarios
589 260 729 291 inveneris
748 261 778 291 in
796 261 939 293 Premiffis
959 263 1077 296 Carceri
1100 266 1266 302 mancipari·
1305 263 1354 301 tis,
1374 264 1407 295 ὃς
1423 265 1485 295 aliis
1502 265 1571 295 locis
1586 265 1613 295 in
1630 265 1711 296 dieto
1728 264 1875 297 Comitatu
1891 265 2083 304 Huncingdon.
2109 265 2245 297 Salutem.

83 302 168 343 1636.

52 345 106 369 An.
129 351 170 370 12.

53 382 116 408 Car.
144 390 168 407 ι.

765 177 876 217 ΕΤ
962 179 1220 221 ACTA

205 301 277 331 dum
288 323 297 338 ,
314 301 342 329 in
357 299 460 329 eodem
479 307 651 336 moraturOS,
672 300 816 339 quousque
833 311 884 339 pro
901 312 998 332 eorum
1010 304 1208 335 deliberatione
1226 303 1267 333 ul-

206 341 289 369 terius
304 338 467 367 duxerimus
482 338 684 368 ordinandum.

239 376 276 407 Et
292 376 405 406 ulterius
420 377 502 406 vobis
518 375 703 414 Mandamus,
724 377 802 414 quod
820 379 893 408 circa
910 377 1048 409 Premis'sa
1065 380 1264 418 diligenterin—

203 414 322 445 tendatis
337 416 369 444 &
387 423 418 443 ea
436 415 542 445 faciatis
557 415 589 445 &
605 417 781 452 exequamini
796 426 863 445 cum
885 417 992 448 effectu
1015 418 1064 448 sub
1077 419 1204 455 periculo
1219 419 1262 448 in-

196 453 364 493 cumbenti,
392 452 542 483 Nolumus
557 461 650 483 autem
666 453 762 491 quod,
782 455 881 485 colore
895 456 1148 492 piedietiMindat'i
1164 456 1262 493 nostri,

198 491 260 528 plus
274 491 310 520 de
323 490 427 521 eildem
445 491 613 521 hominibus
626 491 712 521 levari
727 493 853 530 faciatis,
871 495 959 532 quarn
981 495 1015 525 ad
1031 494 1167 526 Premissa
1183 494 1260 525 suffi-

199 531 274 566 ciet,
292 528 428 567 Expenlas
445 530 625 567 necessum,
647 539 693 560 aut
713 530 790 567 quod
808 532 971 570 quisquam,
988 535 1036 571 qui
1056 535 1205 570 pecuniam
1224 533 1261 562 de

199 568 458 598 contributionibus
471 568 504 598 ad
520 568 645 605 predissta
662 568 786 607 custagia
804 571 943 601 faciendis
965 572 1112 608 levaverit,
1132 582 1194 601 earn
1213 571 1259 600 vel

198 614 307 644 partem
331 607 396 636 inde
417 606 541 644 aliquam
563 616 648 643 penes
663 606 689 636 se
709 607 849 646 detineat,
868 610 912 639 vel
937 610 971 639 ad
993 610 1059 639 alios
1081 610 1142 639 usus
1157 609 1260 647 quovis

198 644 305 682 quesito
322 644 421 674 colore
441 646 619 682 appropriare
635 646 791 684 presumat,
812 646 962 683 Volentes,
981 647 1058 685 quod
1070 648 1088 677 si
1100 648 1159 685 plus
1173 655 1258 686 quam

197 682 317 712 sufficiat
333 683 489 713 collectum
503 682 603 719 fuerit,
624 683 680 713 hoc
695 684 766 714 inter
779 685 918 716 solventes
930 693 1044 724 prorata
1058 686 1198 723 portionis
1215 687 1258 724 ip-

197 720 230 751 fis
248 721 444 758 contingentis
458 722 623 752 exsolvatur.

234 796 324 828 Teste
338 796 425 836 Rege
441 797 515 835 apud
529 798 654 838 Canbury
664 821 673 837 ,
690 799 869 830 duodecimo
883 797 929 828 die
945 797 1073 837 Augusti.

873 876 927 903 Per
944 872 1026 913 ipfiam
1045 876 1153 912 Regem.

146 997 150 1000 ’
194 1005 259 1040 'The
281 1007 338 1048 like
362 1009 456 1041 Wits
480 1017 510 1040 to
534 1005 568 1039 be
592 1004 726 1039 dire-Hed
749 1004 895 1044 (mutatis
911 1004 1085 1047 mutandis)
1107 1016 1178 1038 unta
1209 1006 1260 1039 the

45 1206 157 1234 Cornub.

76 2276 170 2305 0XX.

75 2338 171 2390 Liicqi.

93 2667 180 2698 Midd.

96 3057 162 3095 suff.

65 3863 150 3891 Hunt.

239 1057 374 1089 Counties
397 1083 407 1099 ,
443 1059 550 1099 Ciues,
578 1057 686 1088 ‘roim
716 1052 779 1086 and
810 1055 909 1086 Places
938 1052 1087 1098 hereafter
1118 1055 1259 1102 ensuing‚-

239 1103 402 1139 videlicet.

200 1187 344 1243 REX,
363 1191 423 1221 ὅτε.
445 1189 622 1220 Vicecomiti
639 1187 800 1219 Comitatus
812 1186 901 1219 nostri
918 1188 1049 1219 Cornubie
1060 1213 1070 1228 ,

299 1227 405 1265 Majori
415 1251 424 1264 ‚
440 1228 618 1259 Aldermanis
633 1227 666 1258 &
681 1229 775 1258 liberis
790 1225 978 1267 Burgensibus
994 1228 1078 1266 Burgi
1094 1226 1129 1258 de
1137 1226 1258 1267 Saltalh‚

230 1265 339 1303 Majori
355 1267 388 1297 ὃς
405 1266 592 1304 Burgenlibus
607 1266 690 1304 Burgi
704 1266 740 1296 de
755 1266 837 1296 Portb
854 1268 919 1296 ham
937 1267 1000 1297 alias
1019 1266 1178 1306 Westlowe,

230 1303 339 1343 Majori
358 1306 391 1336 ὃς
408 1303 593 1344 Burgenlibus
609 1305 690 1343 Burgi
706 1305 742 1334 de
759 1304 827 1345 East
840 1314 912 1342 owe,

229 1342 338 1380 Maiori
351 1345 383 1374 Sc
398 1342 583 1382 Burgcnsibus
599 1343 684 1382 Burgi
700 1343 735 1373 de
746 1347 864 1381 Trmoe,

229 1380 340 1420 Majori
355 1383 388 1414 ὃς
404 1382 591 1418 Burgenfibus
608 1381 691 1420 Burgi
707 1382 743 1412 de
760 1384 885 1420 Penryn,

231 1418 342 1457 Majori
352 1442 361 1458 ,
384 1421 584 1451 Aldermannis
596 1421 629 1451 ὃ(
644 1420 860 1450 Communitati
878 1420 949 1451 Ville
965 1419 1002 1450 de
1017 1419 1174 1459 Penfirunce
1185 1442 1196 1460 ,

233 1457 340 1496 Maiori
359 1458 391 1490 &
412 1458 596 1497 Burgenlibus
609 1459 693 1497 Burgi
710 1458 745 1489 de
761 1458 923 1496 Padllowe,

230 1497 339 1533 Maiori
355 1498 387 1528 &
403 1497 588 1536 Burgensibus
606 1497 689 1536 Burgi
703 1498 738 1526 de
754 1493 887 1526 Liskedre
903 1498 965 1526 alias
981 1497 1133 1534 Liskeard,

233 1535 342 1573 Majori
358 1538 390 1567 &
408 1535 593 1574 Burgenlibus
611 1535 694 1572 Burgi
710 1534 746 1564 de
762 1538 804 1563 Lo
828 1534 970 1570 withan,

229 1574 336 1610 Maiori
353 1575 385 1604 ὃς
405 1573 587 1612 Burgensibus
603 1573 685 1612 Burgi
699 1572 734 1602 de
747 1574 793 1602 Ku
807 1572 915 1610 lington
933 1574 996 1603 alias
1010 1573 1187 1612 Kellington,

232 1612 338 1648 Maiori
352 1613 384 1642 δε
400 1611 584 1650 Burgensibus
600 1611 685 1650 Burgi
698 1611 733 1641 de
752 1613 893 1650 Tregony‚

232 1650 338 1687 Maiori
355 1651 387 1681 &
403 1649 589 1689 Burgensibus
605 1649 688 1689 Burgi
704 1649 740 1680 de
755 1651 937 1689 Grandpont,

233 1689 342 1726 Majori
359 1690 391 1719 δε
406 1690 619 1719 Communitati
636 1689 720 1726 Burgi
735 1688 770 1718 de
785 1689 946 1719 Dunheved
954 1688 1019 1720 alias
1033 1687 1224 1728 Launceston,

233 1727 343 1766 Majori
362 1728 394 1758 δε
413 1726 629 1758 Communitati
645 1728 680 1758 de
694 1726 805 1766 Helston
816 1751 824 1764 ,

234 1766 341 1803 Maiori
358 1765 396 1795 Bu
431 1767 439 1796 i
454 1766 488 1796 dc
504 1765 647 1834 Boffnia,
661 1769 789 1795 Trevena
803 1767 835 1796 &
849 1764 1002 1804 Tintagell‚

234 1804 344 1843 Majori
360 1805 392 1834 &
433 1805 540 1842 urgens]
566 1815 595 1834 us
610 1804 694 1844 Burgi
708 1806 744 1834 de
762 1804 900 1842 Bodmyn,

236 1843 347 1881 Majori
363 1844 396 1874 δε
414 1842 602 1881 Burgensibus
616 1843 699 1881 Burgi
714 1843 749 1873 de
764 1842 934 1880 Camelford,

233 1881 344 1920 Majori
359 1883 392 1912 ὃς
405 1881 590 1919 Burgensibus
601 1881 681 1919 Burgi
694 1881 730 1911 de
737 1884 780 1911 St.
789 1884 900 1910 Mawes
912 1904 920 1919 ,
932 1890 967 1912 ac
985 1882 1081 1918 probis
1096 1881 1262 1914 hominibus

196 1921 227 1952 in
243 1921 346 1951 eisdem
355 1919 436 1950 Villis
455 1921 488 1950 &
504 1919 602 1959 Burgis
618 1921 650 1951 ὅ(
667 1919 812 1950 Membris
826 1923 1013 1958 eorumdem,
1030 1930 1062 1950 ac
1078 1921 1106 1950 in
1122 1920 1216 1961 Burgis
1229 1923 1263 1953 ὃ(

197 1960 282 1991 Villis
296 1959 331 1989 de
348 1958 465 1988 Michell
473 1982 482 1996 ‚
499 1960 654 1998 Newport,
677 1961 718 1988 St.
735 1961 871 1988 Germans
887 1960 919 1989 &
936 1961 1008 1996 Foy,
1026 1960 1059 1990 δε
1082 1960 1110 1989 in
1128 1961 1265 1991 omnibus

197 1999 256 2030 aliis
271 1997 384 2035 Burgis,
402 1996 503 2034 Villis,
521 1997 647 2036 Villatis,
664 1996 816 2029 Hamlettis
839 1999 872 2030 ὅτ
888 1997 946 2028 aliis
959 1997 1031 2028 locis
1053 1998 1083 2028 in
1102 1997 1183 2030 dieto
1201 1998 1266 2030 Co-

198 2038 303 2069 mitatu
319 2036 463 2074 cornubie,
482 2035 619 2067 Salutem.

238 2114 321 2156 These
334 2125 384 2144 are
398 2121 426 2144 to
439 2114 468 2144 be
482 2113 600 2152 charged
616 2113 690 2144 with
706 2125 756 2145 one
773 2113 836 2153 Ship
857 2113 892 2152 of
898 2113 957 2154 five
977 2113 1107 2145 hundred
1116 2114 1175 2144 and
1184 2114 1267 2157 fyfty

198 2158 287 2192 Tons,
297 2154 417 2184 manned
428 2152 503 2183 with
514 2161 573 2183 two
580 2152 709 2184 hundred
718 2153 779 2183 and
789 2161 897 2193 twenty
906 2156 992 2192 Men,
1007 2153 1066 2184 and
1076 2153 1170 2184 double
1176 2157 1265 2195 Equi-

197 2203 284 2234 page,
300 2191 373 2223 with
389 2195 551 2229 Munition,
568 2195 664 2230 PVages
678 2193 739 2223 and
751 2195 779 2222 V
780 2192 887 2223 illuals.

243 2273 260 2288 ¹*
277 2269 363 2309 Rex,
381 2270 440 2301 &c.
458 2270 634 2301 Vicecomiti
648 2268 813 2301 Comitatus
830 2269 920 2300 nostri
935 2268 1093 2308 Leia-estne,

243 2308 370 2347 Majori,
385 2308 494 2339 Ballivis
510 2311 542 2340 &
558 2308 743 2347 Burgensibus
758 2308 845 2347 Burgi
869 2309 1028 2348 Leicestrie,
1046 2318 1079 2339 ac
1098 2310 1191 2345 probis
1212 2311 1269 2342 ho-

207 2348 330 2378 minibus
342 2349 371 2377 in
384 2348 486 2378 eodem
502 2347 597 2386 Burgo
610 2350 642 2377 ὅ(
655 2346 797 2378 Membris
809 2347 932 2386 ejusdem
941 2370 951 2385 ,
969 2348 1001 2378 &
1013 2349 1041 2377 in
1057 2347 1137 2378 Villis
1145 2349 1181 2379 de
1191 2353 1269 2380 Har-

206 2386 329 2424 horowe,
348 2386 600 2424 Bruntingthorpe,
617 2387 651 2417 &
667 2386 695 2415 in
712 2386 847 2416 omnibus
861 2387 921 2417 aliis
938 2385 1033 2423 Villis,
1050 2385 1168 2425 Burgis,
1185 2389 1272 2420 Villa-

205 2425 257 2463 tis,
276 2424 432 2456 Hamlettis
447 2425 480 2456 &
496 2425 553 2456 aliis
566 2424 638 2455 locis
651 2425 679 2454 in
694 2424 775 2456 dieto
784 2423 934 2456 Comitatu
951 2424 1115 2463 Leicellrie,
1134 2427 1270 2459 Salutem,

199 2504 236 2532 n
253 2500 283 2531 be
300 2499 419 2539 charged
428 2500 503 2531 with
517 2512 565 2531 one
579 2500 643 2540 Ship
663 2499 774 2541 offour
790 2500 914 2531 hundred
927 2501 987 2530 and
994 2500 1068 2542 fifty
1085 2505 1154 2534 Tbns
1163 2528 1173 2543 ²
1191 2516 1272 2535 man..

201 2539 257 2571 ned
269 2539 343 2569 with
358 2550 405 2570 one
419 2538 547 2570 hundred
558 2539 697 2578 fourscore
720 2543 789 2570 Men
799 2561 809 2578 ,
826 2540 885 2569 and
905 2539 1001 2570 double
1025 2543 1180 2582 Equipage,
1196 2544 1270 2574 with

204 2581 352 2609 Munition
361 2600 371 2616 ,
388 2580 483 2616 Wages
496 2577 554 2608 and
565 2579 593 2607 V
593 2578 700 2608 istuals.

243 2655 309 2686 Rex
319 2677 329 2694 ,
348 2656 409 2686 &c.
425 2653 605 2686 Vicecomiti
619 2653 782 2685 Comitatus
797 2654 886 2684 nostri
901 2655 992 2686 Midd.

240 2694 348 2724 Ballivo
365 2693 496 2724 Civitatis
512 2693 606 2724 nostre
624 2693 865 2732 Westmonasterii‘,
885 2703 918 2724 ac
943 2695 1039 2734 probis
1056 2695 1221 2726 hominibus
1238 2696 1267 2726 in

200 2733 302 2764 eadem
319 2731 444 2763 Civitate
460 2733 491 2761 ὃ(
509 2733 537 2761 in
554 2733 730 2763 libertatibus
746 2734 778 2762 ὃς
795 2733 930 2762 membris
946 2733 1085 2771 ejusdem,
1109 2735 1142 2765 &
1160 2735 1188 2763 in
1204 2734 1264 2764 Vil-

194 2772 227 2802 lis
245 2772 281 2802 de
296 2769 454 2809 Brainford
467 2772 499 2802 &
514 2770 669 2807 Uxbria'ge,
689 2771 720 2800 ὃς
745 2772 773 2800 in
796 2771 933 2801 omnibus
958 2773 1016 2802 aliis
1034 2772 1128 2811 Villis,
1147 2773 1266 2813 Burgis,

198 2810 305 2842 Villatis
316 2834 325 2847 ,
343 2809 494 2840 Hamlettis
510 2809 610 2840 &aliis
625 2810 695 2840 locis
709 2810 737 2839 in
753 2809 834 2840 dieto
847 2808 997 2841 Comitatu
1015 2811 1107 2841 Midd.
1127 2811 1265 2842 Salutem.

237 2889 274 2917 To
288 2887 319 2917 be
342 2886 458 2924 charged
475 2885 550 2916 with
577 2897 626 2916 one
642 2885 707 2924 Ship
736 2884 773 2923 of
784 2885 851 2926 five
871 2886 999 2917 hundred
1017 2887 1078 2917 and
1087 2887 1160 2928 fifty
1179 2892 1267 2928 Tons,

199 2926 318 2956 manned
331 2925 404 2955 with
419 2933 477 2955 two
498 2924 624 2954 hundred
634 2926 695 2954 and
707 2932 813 2964 twenty
827 2928 910 2964 Men,
929 2926 990 2956 and
999 2926 1092 2956 double
1107 2929 1265 2967 Equage,

199 2964 272 2994 with
286 2967 426 2994 Munition
436 2986 446 3001 ,
466 2966 562 3000 VVages
577 2965 635 2993 and
646 2966 673 2992 V
674 2963 782 2992 iduals.

235 3040 319 3078 Rex,
338 3041 399 3070 &o
418 3040 593 3070 Vicecomiti
608 3039 775 3071 Comitatus
791 3039 880 3070 nostri
895 3040 965 3079 Suff

236 3079 363 3116 Ballivis‚
385 3078 567 3116 Burgensibus
583 3080 614 3109 ὃ(
631 3077 844 3109 Communitati
859 3078 934 3109 Ville
947 3082 1080 3119 Gippwici
1088 3103 1098 3119 ,

237 3117 343 3155 Maiori
360 3118 391 3147 ὃ(
410 3116 622 3147 Communitati
637 3115 721 3155 Burgi
735 3117 770 3146 de
785 3117 905 3155 Orford,

232 3155 341 3187 Ballivis
353 3156 385 3186 &
401 3154 587 3194 Burgenlibus
604 3153 687 3192 Burgi
702 3156 737 3184 de
752 3154 930 3194 Alborough‚

226 3194 356 3232 Ballivis,
371 3194 467 3233 probis
484 3193 650 3223 hominibus
669 3194 702 3223 &
718 3192 902 3228 Burgenlibus
920 3192 992 3223 Ville
1005 3193 1040 3224 de
1053 3196 1212 3234 Dunjwico,

233 3232 341 3263 Ballivis
354 3234 387 3263 ὃς
399 3231 582 3270 Burgenl'ibus
598 3230 671 3260 Ville
689 3233 724 3260 de
739 3230 902 3261 Southwold
910 3253 919 3266 ,

234 3271 359 3308 Maiori,
374 3270 576 3301 Aldermannis
588 3271 621 3300 ὃς
637 3268 825 3306 Burgcnlibus
840 3269 875 3299 de
891 3268 1045 3306 Hadleigh,

209 3309 362 3378 1Βυίῐὶίνὶε,
377 3308 563 3349 Burgensibus
582 3309 616 3338 &
640 3307 854 3338 Communitati
875 3307 948 3338 Ville
964 3308 996 3338 ὅ(
1018 3307 1102 3346 Burgi
1123 3307 1159 3339 de
1179 3310 1258 3349 Heya

194 3349 257 3380 aias
270 3349 296 3377 E
312 3358 327 3376 e

230 3359 427 3454 Aljleyrniannis
452 3386 485 3417 &
506 3385 693 3425 Burgensibus
715 3384 800 3424 Burgi
819 3383 908 3415 nostri
930 3383 966 3413 de
987 3386 1062 3423 Bury
1084 3386 1180 3415 SanHi
1197 3386 1258 3416 Ed-

193 3437 258 3456 mun
279 3437 289 3456 τ
300 3449 309 3462 ,

231 3463 357 3502 Majori‚
377 3461 576 3493 Aldermannis
590 3462 623 3493 &
638 3461 824 3500 Burgensibus
837 3460 921 3499 Burgi
935 3460 969 3490 de
983 3460 1102 3500 Sudbury
1113 3484 1122 3498 ,
1140 3472 1173 3492 ac
1186 3473 1253 3501 pro-

193 3502 238 3533 bis
257 3502 427 3533 hominibus
448 3502 478 3530 in
493 3501 598 3531 eisdem
620 3499 717 3538 Villis,
737 3500 833 3538 Burgis
853 3501 886 3530 &
912 3499 1053 3529 Membris
1067 3501 1255 3539 eorumdem,

1305 178 1337 218 Ρ
1375 179 1420 221 U
1459 181 1491 221 B
1529 180 1562 220 L
1599 180 1617 220 1
1655 180 1694 221 c
1732 182 1786 223 A.
2317 197 2371 236 μ

2389 265 2467 297 Ann.
2480 267 2523 300 D.

2415 305 2504 345 1636.

1340 343 1377 369 To
1393 340 1424 370 be
1440 340 1556 378 charged
1570 340 1642 370 with
1656 352 1706 371 one
1719 341 1784 379 Ship
1798 341 1836 380 of
1842 350 1899 371 two
1914 343 2039 372 hundred
2049 346 2118 372 Tom
2128 364 2137 380 ,
2156 343 2218 372 and
2228 341 2365 381 fhurfiore
2389 347 2438 372 An.
2456 355 2500 374 η.

1301 380 1390 416 Mea,
1407 380 1465 409 and
1475 379 1569 409 double
1585 383 1743 420 Equipage,
1768 379 1841 409 with
1863 384 2025 419 Munium,
2045 383 2140 418 lis'ages
2160 382 2218 410 and
2230 384 2257 411 V
2259 381 2367 412 ietuals.
2383 385 2448 410 Car.
2466 392 2490 412 ι,

1338 454 1423 492 Rex,
1442 455 1503 486 &c.
1529 452 1706 485 Vicecomiti
1727 453 1888 486 Comitatus
1902 456 1989 486 nostri
2005 456 2103 487 Buckr.
2393 459 2474 487 Buck.

1336 492 1463 530 BilliVO,
1480 496 1512 524 ὃ(-
1530 494 1715 531 Burgenlibus
1735 494 1818 532 Burgi
1834 497 1865 525 ὃ(
1882 495 2018 526 parochie
2041 497 2078 524 de
2094 494 2291 531 Buckingham.

1336 530 1445 568 Majori
1455 553 1465 568 ,
1480 531 1590 560 Ballivis
1603 533 1635 562 ὃ(
1654 531 1840 569 Burgeniibus
1856 532 1941 569 Burgi
1956 533 1991 563 de
2006 533 2123 572 Cheping
2138 533 2285 563 Wicleombe
2299 534 2364 566 alias

1300 569 1453 606 lVicomhe,
1472 579 1504 598 ac
1523 571 1617 605 probis
1632 571 1727 607 probis
1741 570 1920 600 Hominibus
1935 573 1962 601 in
1978 572 2081 601 eisdem
2104 572 2201 609 Burgis
2224 576 2253 602 ὅ(
2274 571 2365 602 Paro-

1296 606 1360 635 chia
1377 608 1409 637 ὃς
1425 607 1568 636 Membris
1585 608 1770 645 eorumdem,
1787 608 1819 638 &
1837 611 1864 638 in
1883 607 1962 640 Villis
1978 611 2013 640 cie
2024 608 2256 648 Agmondifham,
2275 613 2362 640 Wena

1296 645 1380 672 dover
1404 645 1436 674 &
1465 644 1603 674 Marlowe
1629 650 1752 683 Magna,
1780 648 1858 676 acin
1884 649 2021 678 omnibus
2047 649 2104 678 aliis
2126 649 2226 686 Vilis,
2246 649 2360 688 Burgis,

1298 681 1424 749 gillam,
1443 681 1595 712 Hamlettis
1609 684 1642 714 &
1659 685 1718 714 aitis
1736 685 1805 714 locis
1823 686 1852 715 in
1872 687 1953 717 <liuto
1975 686 2129 717 Comitatu
2156 689 2263 726 Bucks,
2279 690 2360 718 Salu-

1331 729 1370 748 m.
1624 737 1626 739 ·

1333 797 1370 823 To
1388 794 1417 824 be
1432 795 1549 838 charged
1559 795 1632 825 with
1648 807 1697 826 one
1710 796 1774 836 ship
1791 796 1895 836 offour
1911 798 2035 829 hundred
2052 801 2112 831 and
2120 799 2200 840 ffifty
2208 804 2296 840 Tons,
2313 812 2362 832 one

1294 831 1565 907 Ἰςοζὲιίφῖἕᾷοἴῌὶἓῗ
1580 837 1664 873 Men,
1681 837 1741 864 and
1751 836 1845 865 double
1854 839 2010 877 Equipage,
2026 839 2099 869 with
2111 844 2269 879 Munition,
2289 842 2360 871 Wa-

1336 947 1417 985 Rex,
1436 948 1498 978 ὅτε.
1518 948 1695 980 Vicecomiti
1709 948 1871 980 Comitatus
1885 949 1973 981 nostri
1992 950 2077 981 Bedd.

1335 984 1460 1028 Majori,
1479 987 1590 1017 Ballivis
1606 988 1637 1017 &
1655 987 1839 1026 Burgensibus
1854 989 1926 1018 Ville
1940 990 1975 1018 de
1991 989 2129 1028 Bcdford,
2147 1001 2179 1022 ac
2193 988 2289 1030 probis
2301 993 2358 1025 ho-

1300 1026 1424 1054 minibus
1451 1027 1480 1054 in
1505 1025 1605 1055 eadem
1626 1025 1697 1056 Vilia
1718 1028 1751 1056 ὃς
1773 1026 1914 1056 Membris
1940 1028 2064 1065 ejusdem
2082 1051 2091 1066 ,
2117 1032 2149 1060 &
2171 1033 2199 1059 in
2225 1031 2305 1063 Villis
2324 1034 2361 1064 de

1298 1062 1469 1100 Dunstable,
1495 1064 1639 1100 Lazghton
1654 1066 1774 1093 Buzard
1790 1066 1823 1096 ὃς
1843 1067 1956 1103 Luton,
1974 1076 2006 1096 ac
2025 1068 2052 1096 in
2070 1067 2203 1098 omnibus
2220 1070 2275 1100 aliis
2299 1071 2365 1102 Vil-

1298 1100 1486 1168 hg’dffiusrgis'
1507 1101 1633 1140 Villatis,
1651 1102 1805 1133 Hamlettis
1829 1104 1861 1134 ὃ(
1879 1104 1935 1134 aliis
1961 1103 2031 1134 locis
2051 1106 2080 1136 in
2105 1107 2186 1137 dieto
2210 1107 2362 1141 Comitatu

1332 1149 1343 1167 e
1386 1162 1391 1168 .
1431 1149 1444 1169 a
1458 1148 1549 1170 utem.

2398 958 2476 995 Reddi,

1333 1221 1370 1248 To
1380 1216 1410 1246 he
1424 1216 1543 1254 charged
1553 1216 1628 1246 with
1641 1217 1729 1255 aShip
1744 1217 1780 1256 of
1788 1218 1864 1248 three
1878 1218 2004 1249 hundred
2014 1220 2085 1250 Toni·
2093 1243 2101 1257 ,
2111 1221 2171 1250 and
2181 1231 2231 1251 one
2241 1222 2366 1255 hundred

1297 1257 1482 1325 Έὲἶὶἓῗῖιι]
1490 1260 1560 1286 Men
1571 1279 1580 1294 ,
1599 1257 1661 1286 and
1672 1255 1767 1286 double
1775 1259 1914 1297 Equipage
1924 1280 1934 1296 ,
1951 1258 2024 1287 with
2034 1260 2173 1289 Munition
2182 1283 2190 1297 ,
2200 1264 2294 1300 Wages
2306 1263 2367 1294 and

1333 1371 1414 1410 Rex,
1433 1370 1493 1402 &o
1516 1368 1864 1404 Vicecomithomitatus
1879 1373 1969 1404 nostri
1985 1373 2071 1404 Derb.

1336 1410 1447 1440 Ballivis
1462 1412 1494 1441 ὃ(
1505 1410 1691 1449 Burgeniibus
1705 1412 1791 1449 Burgi
1805 1412 1840 1442 de
1858 1413 1945 1441 Derb.

1337 1448 1459 1486 Maiori,
1477 1449 1675 1479 Aldermannis
1695 1451 1727 1480 ὃς
1750 1450 1937 1489 Burgeniibus
1957 1450 2041 1490 Burgi
2059 1450 2094 1481 de
2114 1448 2304 1492 Chellerfield‚
2323 1466 2357 1487 ac

1298 1488 1394 1523 probis
1411 1487 1580 1518 hominibus
1596 1489 1622 1517 in
1637 1488 1744 1518 eisdem
1765 1488 1859 1526 Burgis
1874 1491 1906 1519 &
1927 1489 2067 1519 Membris
2082 1491 2250 1521 eorumdem
2261 1515 2270 1530 ,
2288 1496 2360 1525 &in

1299 1524 1379 1554 Villis
1393 1526 1428 1555 de
1443 1524 1603 1563 Ashburne,
1620 1526 1780 1564 Bakewell,
1797 1527 1961 1565 Uddcfiwell
1981 1530 2013 1558 &
2035 1529 2072 1557 W
2076 1528 2260 1567 irkefiworth,
2280 1541 2313 1561 ac
2330 1534 2361 1562 in

1297 1565 1435 1593 omnibus
1454 1565 1512 1593 aliis
1534 1564 1631 1600 Villis,
1653 1564 1766 1603 Burgis,
1787 1565 1911 1604 Villatis,
1934 1564 2088 1596 Hamlettis
2113 1570 2145 1597 ὅς
2165 1568 2306 1600 aiiislocis
2329 1571 2360 1601 in

1298 1602 1379 1632 dieto
1396 1601 1547 1633 Comitatu
1564 1602 1651 1632 Derb.
1670 1603 1806 1634 Salutem.
2370 1614 2371 1618 ’

2392 1376 2473 1409 Derb.

1337 1682 1374 1708 To
1388 1679 1415 1708 be
1431 1679 1550 1717 charged
1561 1678 1635 1710 with
1649 1691 1666 1709 a
1683 1678 1748 1718 Ship
1763 1678 1799 1717 of
1810 1676 1885 1709 three
1899 1680 2029 1710 hundred
2039 1680 2101 1710 and
2105 1678 2184 1720 fifty
2199 1686 2289 1723 Tons,
2307 1685 2367 1716 and

1308 1727 1359 1747 one
1373 1717 1498 1748 hundred
1509 1717 1653 1764 undforty
1669 1722 1756 1757 Men,
1777 1719 1834 1748 and
1846 1719 1940 1749 double
1948 1721 2106 1760 Equipuge,
2126 1719 2199 1750 with
2214 1726 2368 1764 Munition,

1301 1759 1396 1794 Wages
1411 1757 1470 1787 and
1484 1760 1512 1787 V
1511 1757 1619 1787 rcfluals.

1340 1834 1424 1873 Rex,
1442 1837 1501 1868 &c.
1522 1836 1697 1867 Vicecomiti
1714 1833 1877 1866 Comitatus
1893 1835 1982 1866 nostri
1999 1836 2151 1877 Hertford‚
2400 1841 2487 1879 Herrf.

1338 1873 1359 1893 ²*
1378 1874 1500 1912 Maiori,
1520 1875 1704 1913 Burgensibus
1721 1875 1754 1905 &
1769 1872 1980 1905 Communitati
1999 1875 2080 1915 Burgi
2096 1877 2131 1907 de
2146 1877 2298 1918 Hertford,
2399 1880 2420 1899 ²¹¹
2431 1881 2496 1914 XX,

1339 1911 1446 1949 Maiori
1465 1915 1498 1945 &
1515 1914 1700 1952 Burgensibus
1718 1912 1802 1951 Burgi
1817 1914 1912 1943 Sandt'
1929 1912 2057 1952 Albani,
2385 1919 2402 1946 6
2407 1928 2434 1953 ι,

1338 1950 1450 1982 Ballivis
1473 1953 1505 1982 &
1522 1952 1707 1992 Burgenfibus
1722 1951 1807 1990 Burgi
1829 1952 1866 1982 de
1888 1952 2091 1992 Barkhamsted
2105 1956 2201 1985 Sancffi
2222 1958 2311 1994 Petri,
2329 1966 2364 1988 ac

1302 1991 1399 2027 probis
1415 1990 1581 2021 hominibus
1596 1993 1625 2021 in
1642 1990 1750 2021 eisdem
1764 1990 1858 2028 Burgis
1874 1991 1907 2020 &
1924 1990 2068 2022 Membris
2081 1994 2270 2032 eorumdem,
2288 1995 2320 2024 &
2336 1997 2366 2026 in

1304 2027 1385 2058 Villis
1399 2029 1435 2059 de
1449 2029 1594 2067 Barkway
1606 2053 1614 2067 ,
1635 2031 1732 2066 Ware,
1752 2027 1885 2068 Hatefild
1911 2028 2033 2068 Episcopi
2055 2032 2087 2060 &
2108 2032 2265 2071 Stortford,
2284 2044 2318 2064 ac
2336 2035 2365 2064 in

1302 2068 1439 2098 omnibus
1463 2068 1519 2098 aliis
1542 2067 1638 2104 Villis,
1658 2067 1771 2107 Burgis,
1793 2067 1918 2106 Villatis,
1938 2068 2090 2100 tiamlettis
2108 2071 2141 2101 &
2165 2072 2221 2102 aliis
2246 2072 2316 2103 locis
2334 2073 2365 2102 in

1302 2105 1382 2136 dieto
1396 2105 1545 2137 Comitatu
1563 2104 1701 2143 Hertford
1710 2128 1719 2144 ,
1738 2106 1873 2136 Salutem.

1341 2185 1378 2213 To
1393 2183 1423 2212 be
1438 2182 1556 2220 charged
1566 2183 1639 2212 with
1655 2194 1672 2212 a
1686 2182 1750 2222 Ship
1763 2181 1798 2221 qf
1797 2182 1866 2222 four
1880 2182 2007 2213 hundred
2014 2187 2100 2223 Tons,
2114 2196 2163 2216 one
2178 2186 2304 2217 hundred
2306 2186 2371 2227 fix-

1307 2224 1434 2291 ttyualgem
1453 2222 1512 2253 and
1525 2221 1619 2252 double
1643 2223 1803 2264 Equipage,
1831 2221 1905 2252 with
1929 2226 2091 2262 Munition,
2111 2228 2203 2262 Wages
2223 2226 2281 2255 and
2300 2229 2327 2257 V
2331 2230 2368 2256 ic-

1345 2339 1431 2377 Rex,
1448 2340 1509 2371 &c.
1530 2338 1706 2370 Vicecomiti
1720 2336 1884 2369 Comitatus
1897 2339 1983 2370 nostri
2001 2338 2158 2379 Norfhlcie,

1347 2378 1455 2415 Majori
1470 2401 1479 2415 ,
1510 2388 1544 2408 ac
1561 2378 1737 2409 Vicecomiti
1751 2400 1760 2415 ,
1792 2376 1913 2407 Civibus
1937 2380 1969 2410 ὃς
1997 2378 2208 2410 communitati
2237 2379 2368 2412 Civitatis

1306 2418 1432 2446 Norwizi
1445 2427 1477 2447 ac
1493 2415 1667 2447 Vicecomiti
1684 2416 1809 2453 ejusdem
1826 2416 1973 2454 Civitatis,

1345 2455 1452 2492 Maiori
1469 2457 1501 2486 ὃς
1517 2454 1703 2492 Burgeniibus
1716 2454 1801 2494 Burgi
1816 2454 1851 2483 de
1865 2457 1960 2484 Lenne
1976 2457 2068 2492 Regis,

1346 2495 1562 2561 AldermZnnis‚
1581 2492 1766 2533 Burgenlibus
1791 2494 1825 2524 &
1850 2492 2067 2524 communitati
2090 2493 2172 2534 Burgi
2196 2494 2231 2525 de
2259 2497 2368 2533 Magna

1338 2541 1457 2562 ernemul
1480 2544 1498 2562 a

1308 2532 1470 2609 JMajori,
1492 2555 1675 2608 B’urgensibus
1688 2570 1720 2600 &
1735 2567 1947 2599 Communitati
1962 2568 2047 2606 Burgi
2062 2570 2098 2599 de
2110 2568 2262 2608 Thetford,

1345 2610 1452 2645 Maiori
1470 2610 1502 2638 &
1522 2609 1705 2647 Burgenlibus
1723 2607 1806 2645 Burgi
1822 2608 1857 2637 de
1874 2606 1961 2645 Castle
1978 2607 2091 2647 Ryfing,
2113 2618 2145 2638 ac
2164 2611 2258 2645 probis
2269 2609 2367 2641 homi-

1307 2649 1390 2677 nibus
1407 2650 1435 2676 in
1451 2647 1555 2677 eisdem
1580 2647 1708 2676 Civitate
1720 2668 1729 2683 ,
1754 2645 1849 2683 Burgis
1867 2646 1899 2675 &
1926 2645 2070 2676 Membris
2086 2647 2260 2678 ‘eorumdem
2282 2650 2314 2679 &
2334 2649 2364 2679 in

1305 2687 1458 2716 Comitatu
1479 2685 1601 2721 ejusdem
1626 2684 1758 2715 Civitatis
1775 2686 1854 2715 &in
1881 2682 1958 2714 Villis
1982 2685 2018 2714 de
2046 2685 2220 2724 Wnterton‚
2238 2692 2364 2725 Cromer,

1304 2725 1458 2762 Blackney,
1478 2723 1544 2763 Clay
1562 2725 1595 2754 &
1611 2722 1786 2759 Burneham,
1802 2732 1835 2753 ac
1857 2723 1885 2752 in
1905 2724 2040 2752 omnibus
2061 2723 2121 2752 aliis
2137 2723 2230 2761 Villis,
2248 2725 2364 2764 Burgis,

1304 2762 1429 2801 Villatis,
1449 2762 1600 2792 l-lamlettis
1620 2763 1653 2793 ὃ(
1668 2762 1726 2792 aliis
1741 2762 1811 2792 locis
1832 2761 1861 2790 in
1885 2760 1966 2791 dieto
1989 2760 2141 2793 Comitatu
2163 2763 2257 2802 Norffi
2284 2763 2365 2794 Salu-

1308 2811 1380 2832 tem.

2411 2340 2494 2378 Norff.

1336 2883 1374 2909 To
1394 2877 1425 2908 be
1444 2877 1561 2915 charged
1575 2876 1649 2907 with
1664 2889 1682 2907 a
1695 2876 1761 2916 Ship
1779 2874 1814 2916 of
1817 2876 1906 2915 fiven
1924 2875 2051 2907 hundrrd
2065 2877 2126 2906 and
2130 2875 2270 2916 four-flore
2283 2880 2363 2915 Timr,

1300 2919 1363 2948 and
1374 2918 1448 2947 three
1469 2917 1596 2946 hundred
1604 2917 1708 2955 sixteen
1725 2920 1812 2953 Men,
1831 2915 1906 2945 with
1922 2915 2014 2945 double
2032 2918 2172 2955 Equiipage
2182 2939 2192 2954 2
2210 2917 2269 2945 and
2288 2916 2361 2945 with

1301 2960 1446 2987 Munition
1457 2978 1466 2993 ,
1487 2958 1584 2993 Wages
1598 2956 1658 2984 and
1673 2957 1700 2984 V
1701 2954 1809 2984 iehals.

1336 3033 1400 3064 Rex
1412 3055 1421 3071 ,
1440 3033 1500 3063 δεε-
1519 3031 1696 3062 Vicecomiti
1710 3030 1872 3060 Comitatus
1888 3029 1976 3060 nostri
1991 3029 2128 3069 cumbris,
2372 3022 2484 3065 cymba*

1338 3072 1443 3108 Maiori
1459 3074 1490 3100 δε
1507 3070 1617 3100 Ballivis
1634 3069 1766 3099 Civitatis
1792 3068 1969 3107 Carliolienfir
1992 3070 2018 3097 in
2043 3068 2192 3099 Comitatu
2216 3067 2356 3107 Cumbrie‚
2373 3068 2406 3092 (5-
2424 3061 2498 3096 W‘st·

1298 3120 1412 3140 necnon
1429 3107 1605 3138 Vicecomiti
1622 3107 1783 3137 Comitatus
1798 3107 1885 3135 nostri
1902 3106 2112 3144 Westmorland,
2372 3099 2495 3127 'm'l‘m‘l-

1333 3147 1440 3185 Majori
1453 3148 1486 3177 δε
1504 3145 1689 3184 Burgenlibus
1708 3145 1792 3184 Burgi
1809 3145 1845 3175 de
1865 3146 1976 3182 Apulby
1994 3147 2023 3175 in
2044 3145 2195 3175 Comitatu
2216 3144 2355 3184 Westmor-

1295 3185 1380 3222 land,

1334 3223 1531 3255 Aldermannis
1547 3223 1580 3253 ὃ(
1592 3219 1778 3260 Burgenfibus
1793 3220 1878 3258 Burgi
1894 3221 1930 3252 de
1942 3221 2048 3260 Kirkby
2067 3220 2226 3252 Kendallin
2242 3221 2350 3252 Corni-

1295 3271 1354 3294 tatu
1374 3261 1587 3302 Westmorland,
1604 3271 1637 3291 ac
1653 3260 1747 3298 probis
1761 3260 1926 3289 hominibus
1942 3262 1969 3289 in
1984 3261 2084 3289 eisdem
2100 3260 2239 3298 civitate,
2257 3260 2352 3298 Burgis

1295 3304 1328 3333 ὅ(
1352 3300 1493 3331 Membris
1512 3301 1697 3335 eorumdem,
1725 3300 1758 3329 δε
1778 3300 1806 3328 in
1829 3297 1909 3328 Villis
1927 3299 1962 3327 de
1981 3297 2190 3336 Cockermouth‚
2210 3300 2348 3338 Penrith,

1293 3340 1384 3379 1riby,
1400 3339 1489 3377 Kirby
1503 3337 1638 3377 Lonfdale
1652 3338 1682 3367 ὃς
1697 3336 1784 3376 Kirby
1797 3335 1929 3374 Stephen,
1947 3346 1978 3379 ac
1992 3338 2019 3379 in
2036 3338 2171 3377 omnibus
2184 3337 2243 3367 aliis
2255 3338 2348 3377 Villis,

1292 3379 1407 3418 Burgis,
1429 3378 1553 3415 Villatis,
1579 3377 1744 3411 l-lamlettis,
1764 3379 1795 3405 ὀί
1817 3376 1876 3405 aliis
1899 3376 1970 3405 loeis
1991 3385 2018 3404 in
2045 3376 2126 3405 dictis
2149 3376 2346 3407 eomitatibus

1292 3419 1414 3447 Cambrie
1432 3416 1463 3446 &
1481 3415 1678 3454 Wstmorland
1686 3437 1693 3450 ,
1710 3414 1846 3444 Salutem.

1327 3460 1363 3486 To
1378 3455 1407 3484 be
1426 3454 1543 3491 charged
1553 3453 1625 3483 with
1638 3465 1656 3482 a
1672 3451 1735 3488 Ship
1750 3451 1842 3491 osone
1855 3450 1979 3479 hundred
1989 3450 2049 3478 and
2060 3458 2168 3488 twenty
2185 3454 2268 3489 Tum,
2289 3451 2349 3481 and

1281 3493 1363 3535 forty
1385 3493 1458 3530 eight
1479 3495 1566 3531 Men,
1589 3493 1649 3523 and
1663 3489 1759 3521 double
1780 3493 1934 3530 Equipage,
1957 3488 2032 3518 with
2052 3492 2216 3528 Munition,
2236 3496 2344 3529 Wages,

192 3551 228 3571 ac
245 3541 275 3571 in
298 3540 378 3570 Villis
392 3539 428 3569 de
443 3539 635 3577 VVoodbridge,
652 3538 780 3576 Becales,
799 3540 832 3569 &
849 3538 986 3574 Clare,ac
1002 3538 1029 3567 in
1052 3539 1186 3569 omnibus
1198 3541 1255 3570 aliis
1291 3533 1350 3564 and
1362 3530 1494 3563 Viduas&

190 3578 290 3616 Villis,
310 3578 425 3616 Burgis,
444 3577 572 3616 Villatis,
589 3576 739 3608 l-iamlettis
755 3578 789 3609 &
801 3577 858 3608 aliis
872 3577 945 3607 locis
963 3577 993 3606 in
1011 3576 1091 3606 dioto
1105 3576 1254 3609 Comitatu

191 3617 330 3656 Suffiilcie,
347 3617 483 3647 Salutem.

1328 3609 1410 3647 Rex,
1429 3609 1488 3640 &o
1508 3606 1687 3638 Vicecomiti
1700 3604 1862 3635 Comitatus
1878 3603 1964 3634 nostri
1981 3602 2118 3643 Εἶπον-πω,

1330 3649 1437 3686 Majori
1451 3649 1484 3678 &
1499 3645 1707 3677 Communitati
1723 3642 1852 3674 Civitatis
1867 3643 1964 3674 nostre
1977 3644 2096 3673 Eborum
2106 3667 2115 3682 ,
2134 3653 2166 3674 ac
2176 3643 2345 3676 Vicecomi-
2360 3614 2480 3644 Ebmm'

224 3695 261 3723 To
274 3693 305 3723 be
319 3687 437 3731 charged
445 3690 520 3722 with
528 3701 577 3721 one
589 3690 653 3728 Ship
668 3689 703 3730 of
709 3690 780 3728 eight
794 3690 921 3722 hundred
931 3695 999 3722 Toni·
1009 3715 1017 3729 ,
1028 3691 1089 3721 and
1102 3691 1179 3722 three
1185 3692 1256 3723 hun-
1291 3688 1366 3720 tibus
1381 3685 1503 3725 ejusdem
1519 3684 1666 3720 Civitatis,

190 3731 385 3800 ἆνΐῖιιῖῳᾶηῑῦ
395 3734 480 3769 Men,
499 3730 558 3760 and
574 3729 666 3760 double
687 3732 824 3770 Equipage
837 3752 848 3769 ,
873 3730 948 3761 with
972 3733 1134 3770 Munition,
1164 3736 1256 3770 Wages

191 3780 230 3800 an
295 3782 304 3799 1
335 3782 370 3800 ua
383 3781 406 3801 5.

228 3845 312 3884 Rex,
331 3847 393 3878 &c.
409 3845 586 3877 Vicecomiti
602 3844 767 3875 Comitatus
781 3843 870 3874 nostri
884 3845 1087 3883 Huntingdon,

229 3882 355 3923 Maiori,
374 3884 573 3916 Aldermannis
588 3885 620 3915 &
636 3882 820 3920 Burgensibus
837 3882 920 3920 Burgi
934 3883 968 3912 de
983 3883 1181 3921 Huntingdim,

194 3939 203 3948 .
228 3920 354 3960 Ballivo,
374 3922 570 3953 Affistentibus
583 3924 617 3954 &
631 3920 847 3952 Communitati
866 3919 948 3957 Burgi
965 3921 1001 3949 de
1014 3920 1173 3960 Grunctster
1190 3923 1253 3953 alias

190 3959 474 3998 Godmanchelrer,ac
489 3962 583 3998 probis
600 3961 767 3989 hominibus
789 3960 817 3988 in
833 3959 936 3989 eisdem
954 3958 1049 3996 Burgis
1067 3960 1099 3988 δε
1114 3959 1254 3990 Membris

192 3998 360 4029 eorumdem
370 4019 378 4033 ‚
393 4008 426 4028 ac
444 4000 474 4027 in
492 3998 565 4028 Villa
579 3999 615 4028 de
630 3997 788 4027 Kimbolton
798 4020 807 4034 ,
825 3996 897 4027 Villa
911 3998 1008 4026 Sanffi‘i
1024 4000 1120 4026 lvonis
1133 3999 1166 4029 ὃς
1179 3999 1253 4028 Villa

191 4037 289 4067 Sanni
303 4037 388 4103 1532&
395 4057 424 4103 ,P
419 4046 461 4103 acl
460 4037 498 4103 Iin
512 4037 646 4068 omnibus
661 4036 719 4067 aliis
729 4036 824 4074 Villis,
843 4035 958 4075 Burgis,
976 4035 1084 4066 Villatis
1094 4058 1103 4073 ,
1119 4036 1255 4068 Hamlet-

228 4078 301 4106 Tom.
368 4096 374 4103 .
479 4096 488 4104 .

1327 3726 1445 3763 Maiori,
1466 3722 1650 3759 Burgeufibus
1662 3721 1695 3751 &
1709 3718 1921 3749 Communitati
1939 3719 2023 3757 Burgi
2038 3719 2074 3750 de
2088 3723 2204 3758 Rippon‚

1328 3764 1453 3802 Majori,
1470 3760 1665 3791 Aldermannis
1677 3760 1709 3789 &
1724 3757 1910 3795 Burgensibus
1924 3757 2009 3797 Burgi
2021 3758 2057 3788 de
2071 3760 2237 3800 Doslcaster,

1328 3802 1434 3840 Maiori
1455 3803 1487 3830 ὃς
1503 3798 1686 3836 Burgenlibus
1702 3795 1784 3833 Burgi
1797 3796 1852 3825 sive
1868 3795 1944 3826 Ville
1958 3795 2137 3835 Pontaefrac‘i',

1328 3838 1522 3872 Aldermannis
1535 3837 1567 3866 ὅτ.
1584 3833 1766 3875 Burgensibus
1778 3833 1863 3873 Burgi
1876 3834 1912 3864 de
1925 3834 2090 3872 Richmond,

1329 3877 1527 3910 Aldermannis
1543 3876 1576 3904 &
1593 3873 1644 3903 Bur
1668 3872 1775 3902 enlibus
1789 3872 1870 3911 Burgi
1890 3874 1924 3903 de
1940 3874 2045 3910 Leedr‚

1331 3916 1438 3953 Majori
1450 3937 1458 3952 ,
1477 3913 1588 3943 Ballivis
1602 3912 1633 3940 ὃς
1675 3910 1835 3947 urgenlibus
1852 3911 1922 3941 Ville
1937 3911 1968 3940 de
1987 3911 2121 3949 madan,

1329 3954 1453 3992 Majori,
1473 3949 1722 3980 Gubernatoribus
1737 3950 1770 3979 ὃς
1786 3948 1972 3980 Burgeniibus
1989 3950 2061 3979 Ville
2076 3950 2111 3979 de
2127 3947 2275 3987 Beverley,

1329 3991 1513 4030 Burgenlibus
1527 3990 1558 4019 &
1577 3987 1685 4018 Ballivis
1695 3986 1769 4016 Ville
1781 3988 1816 4018 de
1830 3986 2049 4026 Eastcardeleigh
2064 3988 2126 4017 alias
2143 3984 2327 4024 Scardburgh‚

1328 4030 1434 4069 Majori
1450 4030 1482 4060 δε
1506 4024 1691 4067 Burgensibus
1707 4024 1831 4093 VilleFde
1846 4024 1978 4064 Kingston
1985 4025 2066 4064 super
2081 4025 2162 4063 Hull,
2181 4033 2214 4055 ac
2227 4024 2352 4071 Viceco-⁸

2287 4072 2353 4096 miti
