2561 4263
796 182 952 229 ,ET
1038 178 1308 224 ACTA

122 273 253 312 Anius).
305 279 437 312 Rohntus
452 277 578 312 Ρνσὸὶον,
598 273 746 311 Clericus,
763 268 799 302 A.
812 270 859 303 M.
876 271 961 302 habet
980 271 1138 302 consimiles
1154 268 1260 299 Literas
1276 264 1331 295 Pa»,

135 317 222 356 1633-
266 328 357 353 tentes
369 318 405 349 de
423 314 627 355 presentatioue
647 312 681 343 ad
696 311 837 342 Vicariam
850 312 948 340 Sanft'e
1024 309 1164 339 individue
1177 305 1325 336 Trinitatis

115 359 169 384 An.
187 367 230 393 14.
267 361 297 390 in
310 358 478 391 coventria,
499 352 628 383 Diocefis
641 353 790 380 Coventrie
803 349 840 383 ὠ·
855 348 959 378 Lichen
971 358 1011 384 ts,
1031 358 1080 387 per
1101 345 1268 376 Cessionem
1283 342 1325 372 ul—

114 399 178 422 car.
196 404 219 425 ¹.
266 396 332 428 timi
354 392 553 425 Incumbentis
572 390 677 420 ibidem
690 389 752 427 jam
767 395 932 424 vacantem,
951 388 984 416 &
998 386 1031 415 ad
1046 385 1172 416 nostram
1188 381 1325 420 presenta-

151 441 216 469 ²¹7·
265 436 374 467 tionem
410 432 476 460 leno
487 430 551 468 jure
564 428 755 468 speCRantem3
791 425 828 456 Et
846 425 1003 462 diriguntur
1020 425 1056 454 he
1074 424 1168 453 Litere
1178 422 1326 450 Reveren-

263 472 305 504 do
321 472 351 501 in
400 468 490 499 hristo
509 467 581 498 Patri
617 476 651 496 ac
668 464 803 495 Domino
818 463 951 501 Roberw,
969 462 1149 501 permissione
1166 458 1263 490 divina
1276 460 1326 487 Ca-

263 511 375 544 ventrs'e
391 507 429 542 ὠ·
443 505 570 546 Lichenfi
583 489 737 542 Episcopo.

301 546 392 580 Teste
405 546 487 585 Rege
499 543 573 583 apud
587 539 850 582 PVestmonalZerium
861 562 871 578 ‚
890 539 967 570 sexto
982 538 1028 569 die
1043 535 1161 576 Aprilis.

299 621 481 662 Chnstoferus
496 623 610 656 Potter,
629 618 778 655 Clericus,
801 616 831 646 S.
851 616 893 646 T.
916 616 950 647 P.
968 614 1056 645 habet
1073 610 1231 643 consimiles
1248 608 1325 638 Lite-

265 673 309 694 ras
329 662 460 694 Patentes
478 659 514 690 de
529 658 734 696 presentatione
750 655 784 685 ad
807 654 978 685 Rectoriam
1000 653 1035 682 de
1058 649 1240 686 Blechingdon
1263 647 1326 676 alias

268 700 453 740 Blechesdon,
472 697 602 728 Diocefis
621 698 745 731 omme,
760 694 820 732 jam
837 693 963 731 legitime
980 692 1013 721 ὃς
1029 690 1064 719 de
1075 690 1138 726 jure
1161 694 1326 720 vacantem,

269 739 346 772 &ad
363 737 491 769 nostram
508 734 739 774 presentationem
754 740 939 770 quocumque
951 727 1126 764 modo‚jure
1135 725 1180 755 vel
1193 724 1272 754 titulo
1286 724 1327 753 le*-

289 777 343 815 ali,
362 777 415 807 hac
434 776 499 806 vice
512 773 704 811 speetantem
723 770 760 801 Et
775 771 930 807 diriguntur
946 768 981 797 he
998 766 1093 795 Litere
1110 763 1280 793 Reverendo
1297 763 1327 791 in

299 814 391 846 bristo
403 812 477 845 Patri
494 812 629 844 Domino
643 810 789 850 Johanni,
808 805 991 845 permissione
1006 802 1103 833 divina
1126 804 1236 831 Oxom'e
1258 799 1327 838 Epi-

156 634 221 663 216.

271 855 396 925 ‘effigie
404 890 491 929 Rege
502 888 576 928 apud
593 885 844 928 westmonasterium
852 905 862 922 ‚
877 882 994 912 decimo
1007 879 1054 910 die
1064 876 1182 918 Aprilis.

307 967 457 999 Richardus
475 965 601 1004 Wright,
633 963 777 999 Clericus,
800 960 887 991 habet
900 955 1061 988 consimiles
1080 954 1185 985 Literas
1203 951 1334 984 Patentes

271 1009 309 1040 de
327 1006 529 1049 present-atione
549 1004 582 1035 ad
604 1003 744 1034 Vicariam
761 1000 797 1029 de
810 1000 997 1034 Burrington,
1015 994 1146 1025 Diocesis
1165 992 1334 1030 Heresordie,

275 1057 327 1087 per
343 1054 468 1077 mortem
481 1040 712 1074 ultimiIncumb
719 1038 794 1070 entis
813 1035 921 1066 ibidem
935 1036 996 1073 jam
1012 1041 1170 1068 vacantem,
1188 1031 1265 1062 &ad
1279 1040 1335 1060 no-

276 1087 364 1117 stram
378 1083 610 1123 presentationem
626 1079 712 1116 pleno
721 1078 787 1115 jure
801 1074 993 1112 specstantem3
1009 1070 1046 1102 Et
1063 1071 1222 1106 diriguntur
1234 1069 1270 1099 lie
1286 1068 1337 1098 Li-

245 1128 248 1130 ’
279 1134 338 1157 tere
354 1123 485 1153 Patentes
501 1118 675 1150 Reverendo
693 1116 721 1144 in
745 1112 865 1144 Christo
889 1112 982 1149 Patri,
1007 1119 1040 1141 ac
1065 1109 1201 1140 Domino
1222 1110 1336 1145 Georgio

316 1160 460 1193 rmiffione
475 1156 592 1193 divina,
609 1152 775 1191 Herefordie
793 1151 947 1189 Episcopo.

316 1199 405 1232 Teste
422 1198 505 1236 Rege
517 1195 591 1234 apud
606 1190 882 1232 Wstmonasterium,
899 1188 1014 1219 decimo
1027 1186 1074 1217 die
1090 1183 1207 1225 Aprilis.

158 1003 224 1032 2i5.

316 1274 463 1307 Gulielmus
477 1274 614 1302 Partento
633 1293 644 1309 ,
662 1268 809 1306 Clericus,
828 1267 864 1298 A.
882 1265 930 1296 M.
947 1265 1033 1296 habet
1052 1262 1213 1294 consimiles
1232 1260 1340 1292 Literas

278 1315 407 1347 Patentes
430 1312 466 1342 de
492 1310 696 1349 presentatione
715 1308 751 1338 ad
774 1306 942 1338 Restoriam
968 1304 1004 1334 de
1025 1300 1240 1340 Steppingleigh,
1267 1301 1342 1330 Dio-

279 1354 347 1385 cesis
361 1350 518 1387 Lincolnie,
542 1359 590 1387 per
608 1347 827 1385 resignationem
846 1344 938 1374 ultimi
952 1341 1151 1372 Incumbentis
1163 1339 1269 1369 ibidem
1284 1340 1339 1376 jam

280 1399 448 1427 vacantem,
466 1390 499 1420 ὃ(
516 1389 549 1418 ad
564 1386 691 1418 nostram
716 1384 950 1422 presentationem
968 1381 1055 1418 pleno
1069 1380 1131 1417 jure
1151 1377 1342 1415 speilantcni3

282 1430 322 1462 Et
335 1430 490 1468 diriguntur
505 1427 542 1456 he
556 1426 650 1457 Litere
666 1420 917 1455 Reverendiffimo
940 1420 968 1449 in
990 1418 1108 1448 Christo
1126 1416 1199 1446 Patri
1218 1426 1251 1446 ac
1278 1415 1343 1444 Do-

282 1470 383 1505 mino,
411 1466 549 1496 Domino
567 1461 716 1500 Gulielmo,
746 1458 929 1499 providentis
951 1455 1048 1487 divina
1072 1454 1266 1492 cantuarienfi
1286 1455 1344 1483 Ar-

282 1506 430 1545 chiepisco
452 1514 491 1543 0,
511 1504 618 1534 ratione
634 1499 814 1537 Supensionis
832 1496 967 1535 Episcopi
985 1494 1134 1524 Lincolnie.

320 1544 411 1576 Teste
476 1551 513 1582 ge
527 1541 601 1581 apud
621 1536 891 1578 Westmonaslerr'um,
910 1543 990 1565 nono
1002 1533 1049 1563 die
1062 1530 1225 1562 Decembris.

324 1619 473 1652 Richardus
497 1620 606 1646 Burton
619 1637 629 1653 ,
656 1614 806 1651 Clericus,
827 1611 862 1643 A.
881 1611 928 1641 M.
947 1609 1033 1640 habet
1054 1607 1214 1639 consimiles
1239 1605 1348 1637 Literas

291 1657 469 1693 Patentes-de
483 1656 501 1676 '¹‘
511 1653 714 1693 presentatione
727 1653 762 1683 ad
772 1652 913 1681 Vicariam
928 1649 964 1679 de
979 1647 1093 1684 Sellinge
1102 1669 1111 1684 ,
1132 1646 1259 1676 Diocesis
1272 1649 1349 1674 Can-

286 1696 430 1735 tuarienfis
466 1705 515 1733 per
530 1701 655 1723 mortem
671 1692 763 1722 ultimi
779 1687 975 1720 incumbentis
988 1686 1095 1716 ibidem
1107 1685 1168 1723 jam
1183 1692 1350 1721 vacantem,

285 1739 320 1769 &
334 1736 369 1767 ad
386 1718 512 1765 notitam
529 1731 767 1768 presentationem
783 1729 869 1766 pleno
878 1728 939 1764 jure
955 1725 1146 1763 similantem,
1165 1721 1203 1752 Et
1224 1722 1347 1762 dirigun-

287 1785 332 1808 tur
351 1776 390 1805 he
410 1773 503 1802 Litere
531 1768 783 1799 Reverendiffirno
800 1767 828 1796 in
847 1764 967 1795 Christo
989 1763 1062 1793 Patri
1082 1772 1115 1792 ac
1142 1761 1276 1791 Domino
1292 1764 1351 1790 Gu-

294 1813 381 1846 lielmo
390 1834 400 1849 ,
419 1808 598 1849 providentia
610 1806 708 1838 divinit
720 1803 909 1836 cantuariensi
928 1801 1164 1839 .Archiepiscop0.

323 1850 414 1884 Teste
436 1849 519 1887 Rege
538 1846 611 1884 apud
636 1843 911 1884 Westmonasterium,
928 1841 1006 1872 sexto
1021 1840 1135 1870 decimo
1151 1838 1197 1868 die
1214 1835 1334 1877 Aprilzs.

169 1299 232 1327 214.

153 1647 251 1704 «ἓξὲξ.

143 1724 206 1753 309·

323 1927 442 1959 Thomas
456 1923 593 1963 Whitby,
612 1922 761 1960 Clericus,
779 1920 814 1951 A.
836 1918 884 1949 M.
902 1918 989 1949 habet
1006 1915 1168 1947 consimiles
1180 1913 1285 1945 Liteias
1294 1913 1350 1944 Pa-

289 1975 380 2000 tentes
394 1965 429 1997 de
443 1963 646 2002 presmtarione
661 1962 696 1992 ad
712 1955 858 1992 Vicaiiam
873 1957 910 1988 de
926 1959 1079 2000 βαννοωε,
1098 1952 1228 1984 Diocesis
1243 1950 1354 1983 Lincol-

291 2009 353 2043 nie,
371 2014 421 2073 psit
444 2010 569 2070 morte1rn
599 2001 691 2046 ultimi
709 1998 905 2030 Incumbentis
923 1995 1032 2025 ibidem
1048 1995 1109 2032 jam
1132 2000 1306 2060 νέεαὲττςῐτι,Δ
1320 1992 1354 2021 &

251 2124 253 2126 ,
289 2045 330 2114 ῗξὲ
341 2034 1200 2121 ii}te‘ssniiffi‘veeissss‘iisffinss‘g}rss¹ecssssr÷¹ti3⁶1553i³32¹ess¹0fming‚
1217 2038 1356 2099 38ιῖἕῖῗὲ

289 2117 441 2165 (fabam,
456 2117 637 2159 providentia
653 2115 750 2159 divini
764 2110 955 2150 cantuarienfi
971 2108 1211 2147 Arcbiepiscopo,
1231 2108 1295 2139 &c.
1311 2117 1356 2139 ra-

289 2167 371 2192 none
385 2158 577 2195 Suspensionis
591 2155 727 2193 Episcopi
745 2151 896 2183 Lincolm'e.

330 2197 421 2230 Teste
435 2197 518 2236 Rege
533 2196 607 2235 apud
622 2191 902 2233 Waestmonasterium‚
918 2188 995 2225 sexto
1006 2186 1125 2218 decimo
1138 2184 1184 2216 die
1199 2184 1318 2225 Apriffs.

176 1951 241 1971 2¹2.

332 2273 482 2315 Johannes
491 2272 595 2310 Kelke‚
615 2271 764 2308 Clericus,
783 2268 821 2299 A.
838 2266 884 2297 M.
899 2265 986 2296 habet
1002 2262 1164 2295 consimiles
1184 2261 1289 2293 Literas
1304 2260 1356 2292 Pa-

297 2322 387 2346 tentes
401 2314 436 2344 de
449 2312 656 2355 presentatione
668 2311 701 2354 ad
712 2308 856 2340 Vicariam
870 2305 906 2350 de
912 2303 1077 2350 Sropwicke,
1097 2301 1228 2332 Diocefis
1244 2301 1356 2331 Lincol-

296 2340 1286 2436 'sifaznpssensss‘g‘tffiffinffl‘sssstigssffifgssiffiffiess‘pivsssgffsfflzffn‘iss‘}
1300 2350 1358 2409 iffa

300 2431 392 2462 vices
422 2430 567 2468 ‹Stantem3
587 2424 826 2465 Etdirigunturhe
837 2423 931 2453 Litere
939 2420 1067 2451 Parentes
1076 2417 1320 2448 Reverendiffimo
1328 2419 1358 2447 in

298 2468 373 2499 Chri
442 2468 518 2498 Patri
535 2477 568 2499 ac
586 2466 740 2502 Domino,
761 2463 895 2493 Domino
912 2458 1063 2496 Gulielmo,
1087 2456 1266 2495 providentia
1282 2457 1355 2487 divi-

299 2507 336 2537 ni
351 2504 538 2545 cantuariensi
554 2504 794 2543 Archiepiscopo,
811 2501 872 2531 &c.

331 2545 423 2577 Teste
440 2544 523 2583 Rege
538 2543 611 2581 apud
623 2540 898 2580 Wllmonasterinm,
916 2537 1034 2568 decimo
1045 2534 1093 2565 die
1105 2531 1223 2573 Aprilis.

179 2297 249 2320 21¹.

332 2623 465 2653 Henricus
479 2618 618 2659 Nerford,
639 2617 782 2652 Clericus,
802 2614 831 2645 S.
850 2614 892 2644 T.
912 2613 944 2643 B.
963 2612 1048 2642 habet
1067 2609 1226 2641 consimiles
1247 2607 1352 2639 Litems

294 2660 424 2691 Parentes
440 2661 476 2691 de
491 2658 694 2697 presentatione
707 2655 741 2686 ad
759 2653 925 2684 {sectoriam
945 2651 1058 2688 majoris
1072 2650 1156 2687 partis
1163 2647 1289 2678 Eccleiie
1297 2647 1350 2677 Pa-

292 2700 428 2730 rochialis
444 2698 480 2729 de
497 2695 697 2734 Attleburghe,
718 2692 847 2724 Diocesis
866 2688 1065 2728 Norwicenfis,
1079 2690 1140 2727 jam
1160 2687 1299 2723 legittime
1316 2687 1349 2717 δε

241 2745 251 2755 ·“
290 2737 402 2775 dejure
421 2745 592 2774 vacantem,
610 2735 644 2765 &
658 2735 693 2765 ad
712 2731 840 2763 nostram
859 2728 1092 2767 presentationem
1114 2735 1162 2763 per
1186 2725 1350 2762 pravitatem

290 2775 440 2819 Simonie,
458 2776 514 2806 sive
530 2784 578 2812 per
591 2771 710 2810 Lapsum
724 2769 874 2807 temporis,
893 2768 945 2797 bac
960 2767 1027 2797 vice
1040 2765 1234 2803 {pediantem3
1252 2763 1290 2793 Et
1309 2763 1353 2792 di-

291 2824 421 2851 rlgimtur
439 2817 475 2845 he
497 2814 590 2844 Litere
617 2810 744 2841 Parentes
764 2805 937 2838 Reverendo
956 2806 984 2835 in
1002 2803 1119 2834 Christo
1143 2803 1215 2832 Patri
1232 2811 1265 2832 ac
1284 2800 1351 2831 Do-

293 2854 376 2884 mino
391 2851 539 2890 Mattheo,
560 2849 742 2889 permissione
754 2846 851 2877 divina
866 2842 1040 2884 Norwicenst
1056 2841 1224 2880 Episcopo..

331 2892 424 2924 Teste
441 2891 527 2930 Rege
543 2889 618 2928 apud
635 2883 911 2928 Wstmonasteriam,
930 2883 1048 2913 decimo
1065 2890 1144 2910 nono
1158 2881 1202 2909 die
1217 2877 1333 2917 Aprilis.

181 2641 246 2663 210,

331 2969 446 2999 Thomas
459 2965 629 3006 Shepheard,
645 2964 789 3000 Clericus,
813 2961 898 2992 habet
917 2958 1080 2990 consimiles
1100 2956 1207 2987 Literas
1224 2955 1354 2986 Patentes

293 3008 329 3039 de
348 3007 553 3045 presentatione
569 3005 602 3036 ad
623 3003 792 3033 Re&oriam
807 3000 863 3030 five
878 2998 1024 3036 Capellam
1037 2999 1072 3027 de
1087 2996 1218 3034 Shipton,
1239 2993 1347 3024 Dioce-

293 3048 326 3078 sis
341 3044 522 3083 Herefordze,
534 3045 594 3081 jam
609 3042 736 3078 legitime
751 3041 784 3071 ὃς
798 3039 836 3069 de
848 3039 912 3076 jure
930 3045 1095 3071 vacantem,
1115 3036 1148 3065 ὃς
1167 3033 1201 3063 ad
1222 3032 1349 3061 nostram

293 3085 528 3124 presentationem
545 3082 629 3119 pleno
639 3082 701 3117 jure
720 3078 776 3107 sive
792 3078 848 3106 alio
864 3084 1036 3112 quocunque
1052 3072 1143 3102 modo
1157 3071 1351 3108 spedicantcm3

295 3124 333 3156 Et
352 3123 511 3161 diriguntur
528 3120 564 3149 he
586 3118 678 3148 Litere
700 3116 826 3146 Patentes
845 3114 1017 3143 Reverendo
1037 3112 1066 3141 iii
1085 3110 1205 3140 Christo
1225 3109 1301 3139 Patri
1318 3117 1352 3137 ac

292 3163 427 3194 Domino
441 3162 552 3195 Georgia
562 3180 571 3195 ,
588 3155 767 3195 permissione
782 3151 878 3182 divina
894 3150 1056 3189 Hercfordie
1075 3148 1230 3186 Episcopo.

331 3199 424 3232 Teste
441 3197 526 3237 Rege
543 3196 616 3234 apud
636 3190 910 3233 Wesimonasterium,
929 3189 1065 3219 vicesimo
1083 3188 1165 3217 seitto
1177 3187 1224 3215 die
1238 3183 1353 3223 Aprilis.

181 2980 245 3008 ²09·

333 3274 458 3316 Jacobus
473 3272 612 3313 Langley,
630 3270 777 3306 Clericus,
797 3269 831 3300 A.
848 3266 886 3297 Μ
909 3266 993 3296 habet
1009 3262 1168 3295 consimiles
1184 3261 1292 3292 Literas
1300 3260 1355 3291 Pa—

298 3323 387 3347 tentes
399 3313 435 3344 de
452 3313 653 3350 mesentatione
666 3309 701 3339 ad
718 3309 861 3339 vicariam
882 3305 917 3336 de
934 3303 1113 3333 Harrowdon
1136 3303 1259 3338 Magna,
1277 3300 1354 3330 Dio-

299 3353 368 3384 cesis
383 3350 597 3388 Petriburgenfis
607 3373 616 3388 ,
626 3350 688 3388 jam
701 3347 884 3385 legittime&
900 3344 936 3374 de
946 3344 1009 3381 jure
1023 3349 1170 3371 vacantem
1180 3361 1189 3377 ,
1207 3340 1240 3369 &
1254 3339 1287 3369 ad
1303 3348 1357 3368 no·

299 3393 387 3423 stram
409 3388 644 3428 presentationem
664 3397 713 3425 per
733 3385 900 3424 pravitatem
920 3381 1070 3417 simonie,
1089 3380 1145 3409 sive
1161 3387 1212 3417 per
1232 3376 1356 3414 Lapsurn

297 3430 436 3471 temporis
449 3428 503 3457 hac
517 3428 580 3458 vice
595 3426 788 3466 spectantem,
825 3422 861 3452 Et
882 3421 1036 3459 diriguntur
1051 3419 1086 3448 he
1103 3417 1197 3447 Litere
1214 3416 1357 3447 Reveren-

298 3468 340 3500 do
354 3470 384 3498 in
399 3465 518 3498 Christo
532 3464 608 3496 Patri
623 3474 657 3495 ac
675 3464 805 3494 Domino
820 3462 978 3499 Francisco,
997 3455 1177 3497 permistione
1191 3453 1288 3486 divina
1304 3457 1357 3484 Pe-

300 3504 461 3545 triburgenfi
477 3503 630 3543 Episcopo.

335 3545 427 3577 Teste
439 3544 519 3582 Rege
528 3541 603 3580 apud
618 3538 877 3580 Westmonasierium
886 3560 896 3575 ,
914 3536 1052 3568 vicesimo
1064 3533 1171 3565 ottavo
1186 3531 1232 3562 die
1240 3531 1357 3572 Aprilis.

188 3292 252 3320 208.

343 3624 471 3660 Georgius
485 3624 573 3658 Cary,
591 3615 740 3653 Clericus,
759 3615 794 3645 A.
807 3614 852 3645 Μ.
867 3614 952 3645 habet
969 3611 1129 3643 consimiles
1140 3611 1245 3641 Literas
1258 3609 1363 3640 Paten-

303 3670 343 3694 tes
363 3662 398 3693 de
413 3660 615 3699 presentatione
632 3656 667 3686 ad
691 3654 853 3685 Recioriam
871 3652 907 3683 de
924 3651 1062 3691 clovesly,
1082 3649 1213 3680 Diocesis
1233 3650 1361 3685 E'xonie,

303 3703 359 3739 jam
372 3700 509 3740 legittime
522 3696 605 3729 &de
619 3696 679 3733 jure
694 3701 842 3735 vacantem
853 3713 862 3729 ,
881 3691 962 3732 ὃςαά
980 3691 1106 3721 nostram
1124 3688 1363 3728 presentationem

305 3749 355 3778 per
369 3739 533 3778 pravitatem
548 3734 696 3769 Simonie,
715 3734 770 3761 sive
780 3739 827 3767 per
844 3730 967 3765 Lapsum
984 3729 1139 3765 temporis,
1158 3728 1212 3757 hac
1222 3726 1289 3756 vice
1303 3724 1363 3763 spe-

308 3777 457 3815 erinnem,
473 3774 510 3807 Et
527 3774 686 3813 diriguntur
703 3771 740 3800 he
756 3769 849 3799 Litere
868 3768 996 3797 Patenres
1014 3766 1185 3797 Reverendo
1202 3766 1230 3794 in
1246 3763 1364 3795 Christo

310 3814 391 3846 Patri
405 3825 439 3846 ac
455 3814 592 3846 Domino
605 3808 725 3850 Josbpho
736 3832 745 3846 ,
762 3805 939 3846 permissione
953 3805 1052 3836 divin&
1067 3807 1175 3835 Exonie
1191 3802 1345 3840 Episcopo.

347 3853 437 3885 Teste
459 3854 542 3892 Rege
565 3850 640 3890 apud
660 3844 937 3887 Westmonasterium,
966 3843 1107 3874 vicesimo
1125 3843 1232 3874 octavo
1250 3840 1296 3871 die
1319 3842 1367 3871 A·

310 3892 398 3932 prilis.

200 3648 265 3676 κη.

350 3966 497 3998 Gulielmius
511 3963 674 4003 Houghton,
691 3961 841 3996 Clericus,
861 3958 896 3989 A.
916 3956 963 3988 M.
979 3957 1066 3988 habet
1083 3956 1243 3987 consimiles
1263 3955 1370 3986 Literas

310 4007 442 4040 Patentes
457 4005 493 4034 de
508 4004 710 4042 presentatione
725 4002 758 4031 ad
773 3999 915 4030 Vicariam
932 3996 967 4028 de
983 3995 1139 4034 Hanllope‚
1155 3994 1282 4024 Diocesis
1298 3997 1371 4024 Lin-

313 4047 412 4083 colnie,
425 4044 486 4082 jam
502 4043 640 4080 legittime
655 4041 688 4071 ὅτ
702 4039 738 4069 de
753 4041 810 4076 jure
824 4044 990 4072 vacantem,
1008 4036 1041 4066 δε
1059 4035 1095 4064 ad>
1114 4032 1240 4062 nostram
1260 4032 1371 4070 presen-

313 4088 452 4122 tationem
467 4089 514 4119 per
534 4078 660 4116 Lapsum
676 4077 811 4114 temporis
824 4075 880 4106 hac
894 4075 958 4105 vice
971 4074 1163 4112 spectantenu
1191 4070 1227 4100 Fr
1243 4070 1372 4107 dirigun-

209 3986 274 4016 2062

1401 165 1873 214 PUBLICA.
1931 115 1952 139 ὁ

1371 267 1416 289 tur
1430 259 1466 288 lie
1482 258 1575 288 Litere
1591 253 1841 287 Reverendislimo
1866 252 1892 281 in
1912 246 2029 280 Christo
2046 246 2123 277 Patri
2141 253 2173 274 ac
2190 243 2339 281 Domino,
2359 242 2426 273 Do·
2449 240 2525 271 Anii.
2537 238 2561 270 Ε

1373 299 1453 326 mino
1468 296 1600 326 Gulielmo
1611 292 1789 332 providentia
1803 289 1901 321 divin&
1916 284 2108 324 cantuariensi
2116 282 2338 320 Arcliiepiscopo
2348 304 2357 319 ,
2366 284 2424 313 δίε.
2466 281 2502 310 16
2507 279 2553 319 38.

1373 336 1480 365 ratione
1491 334 1682 371 Suspensionis
1696 331 1827 367 Episcopi
1847 333 1862 358 Ι
1873 326 1996 357 iicolm'e.
2447 322 2497 345 Ai.
2516 328 2558 352 ¹4—

1407 372 1496 403 Teste
1512 373 1595 411 Rege
1607 371 1681 410 apud
1697 367 1971 406 Wstmonasterium,
1991 361 2129 394 vicesimo
2142 368 2223 389 nono
2244 357 2291 388 die
2307 356 2424 394 Aprilis.
2444 361 2506 385 Car.
2524 365 2549 383 r.

2347 166 2428 209 207

1408 449 1540 479 Robertus
1557 447 1659 485 Keale‚
1680 446 1824 482 Clericus,
1844 438 1879 473 A.
1900 440 1946 471 M.
1965 441 2050 470 habet
2074 435 2231 468 consimiles
2249 434 2355 464 Lireras
2368 432 2426 463 Pa-
2483 440 2545 465 205-

1371 496 1460 518 tentes
1483 488 1520 517 de
1537 487 1739 526 presentatione
1761 484 1795 514 ad
1817 481 1974 512 Australem
1994 487 2100 515 partem
2121 474 2256 505 Reclorie
2274 472 2309 502 de
2328 470 2425 500 Belch-

1362 526 1452 564 ford,
1471 526 1527 556 five
1543 526 1575 555 ad
1593 524 1774 554 medietatem
1788 520 1925 551 Reciorie
1940 519 1975 547 de
1991 514 2157 552 Belchfhrd,
2174 522 2208 543 ex
2225 521 2301 549 parte
2313 509 2428 540 Austra-

1371 565 1390 594 li
1407 564 1534 594 Diocesis
1545 562 1701 599 Lincolnie‚
1720 570 1769 598 per
1785 567 1910 589 mortem
1927 556 2019 586 ultimi
2035 552 2231 584 Incumbentis
2247 550 2354 580 ibidem
2370 550 2426 584 jam

1371 611 1537 638 vacantem,
1554 603 1587 631 &
1608 602 1641 630 ad
1662 600 1787 629 nostiam
1807 597 2039 634 presentationem
2057 593 2142 631 pleno
2156 591 2218 627 jure
2231 589 2428 626 spectantem3

1370 639 1408 670 Et
1422 640 1583 676 diriguntur
1593 638 1628 667 he
1647 638 1740 667 Litere
1751 633 2000 666 Reverendiffinio
2018 632 2046 660 in
2064 630 2182 661 Chi-iiio
2192 628 2265 658 Patri
2275 637 2308 657 ac
2325 626 2431 655 Domi·-

1371 687 1411 708 no
1430 677 1578 714 wilielmo,
1597 675 1777 715 providentia
1794 673 1890 704 divinit
1913 669 2102 708 Cautuarienfi
2125 666 2366 704 Archiepiscopo,
2386 673 2430 693 ra·-

1371 717 1450 746 tione
1463 715 1653 752 Suspensionis
1670 713 1802 751 Episcopi
1818 710 1968 741 Lincolnie.
2539 733 2550 737 „

1407 754 1427 774 ²*
1447 753 1537 784 Teste
1554 752 1636 791 Rege
1651 752 1723 791 apud
1737 749 2009 789 westmonasterium,
2028 744 2173 776 tricesimo
2190 743 2235 773 die
2255 740 2372 781 Aprilis.
2464 730 2483 751 '¹‘
2496 733 2561 762 XX.

2450 781 2463 807 3
2473 782 2481 798 1
2488 782 2503 797 0
2510 794 2516 800 .

1408 829 1558 859 Richardus
1574 831 1663 867 Luce,
1680 827 1823 864 Clericus,
1842 826 1928 855 habet
1953 822 2114 853 consimiles
2129 821 2235 850 Literas
2248 819 2377 850 Parentes
2394 817 2430 848 de
2484 813 2554 845 2044

1375 869 1579 907 praesentatione
1604 867 1638 897 ad
1663 866 1830 896 Redioriam
1849 864 1886 894 de
1903 861 2136 897 Lewtrencherd,
2161 859 2291 889 Diocesis
2310 859 2439 894 Εκοηὶε,

1374 909 1434 946 jam
1449 907 1585 945 legittime
1599 908 1632 938 &
1645 906 1680 935 de
1693 907 1756 942 jure
1769 910 1936 937 vacantem,
1955 902 1987 930 &
2001 900 2035 929 ad
2050 898 2178 928 nostram
2196 897 2434 934 presentationem

1377 947 1435 977 sive
1457 955 1505 983 per
1528 945 1649 982 Lapsum
1666 944 1820 981 temporis,
1840 942 1896 971 sive
1918 948 1966 976 per
1982 938 2143 977 pravitatem
2157 936 2302 971 Simonie,
2322 935 2377 964 five
2392 943 2437 964 ra-

1377 985 1458 1015 tione
1480 983 1630 1020 Utlagarie
1653 982 1769 1013 Patroni
1792 981 1848 1011 sive
1869 978 2027 1009 Patroniffe
2051 975 2127 1005 diste
2143 974 2280 1004 Reciorie
2294 974 2330 1002 de
2347 975 2437 1002 Lew-

1380 1022 1531 1052 trenchard
1553 1022 1677 1061 predista
1692 1043 1702 1059 ,
1727 1021 1784 1051 sive
1802 1018 1857 1049 alio
1876 1024 2052 1055 quocunque
2072 1013 2164 1043 modo
2176 1035 2186 1050 ,
2206 1012 2268 1049 jure
2289 1013 2334 1042 vel
2352 1012 2439 1042 titulo

1380 1062 1457 1100 legali
1475 1060 1664 1100 spet‘tantem3
1699 1058 1735 1088 Et
1750 1058 1908 1095 diriguntur
1923 1055 1961 1085 he
1977 1053 2072 1083 Litere
2086 1050 2260 1081 Reverendo
2276 1052 2304 1080 in
2321 1049 2441 1080 Christo

1382 1100 1457 1131 Patri
1470 1109 1502 1129 ac
1518 1099 1653 1129 Domino
1668 1096 1800 1136 Josepho,
1815 1093 1998 1133 permissione
2011 1089 2107 1122 divina
2126 1092 2233 1119 Exom'e
2250 1087 2401 1126 Episcopo,

1418 1137 1508 1169 Teste
1520 1137 1604 1176 Rege
1620 1136 1693 1175 apud
1713 1132 1986 1174 Wlimonasterium,
2006 1131 2100 1168 primo
2115 1129 2160 1158 die
2177 1130 2258 1157 Maii.

1420 1219 1539 1252 Rogerus
1555 1211 1658 1251 Clark,
1677 1211 1825 1247 Clericus,
1846 1209 1883 1239 L.
1898 1208 1932 1238 1..
1950 1207 1980 1237 Β.
2001 1206 2087 1237 habet
2103 1204 2261 1234 consimiles
2276 1201 2381 1234 Literas
2389 1201 2445 1232 Pa-
2497 1205 2561 1235 203-

1384 1263 1472 1286 tentes
1490 1254 1525 1284 de
1545 1251 1747 1289 presentatione
1763 1249 1798 1280 ad
1819 1248 1985 1279 Restoriam
2006 1245 2042 1274 de
2065 1247 2108 1273 At·
2123 1253 2191 1272 mere
2215 1243 2278 1273 alias
2293 1240 2445 1279 Afhmore‚

1387 1292 1517 1324 Diocesis
1538 1290 1657 1330 Brili‘ol,
1672 1290 1731 1328 jam
1752 1288 1889 1326 legittime
1910 1286 1943 1316 &
1964 1284 1998 1313 de
2011 1284 2076 1321 jure
2095 1289 2262 1319 vacantem,
2281 1280 2314 1310 &
2334 1280 2369 1310 ad
2391 1289 2445 1309 no-

1388 1332 1473 1361 stram
1493 1330 1730 1367 presentationem
1753 1337 1801 1364 per
1820 1325 1927 1364 lapsum
1952 1322 2106 1359 temporis,
2125 1321 2181 1350 sive
2203 1329 2253 1356 pei·
2277 1320 2446 1354 pravitatem

1387 1370 1517 1400 Simonie
1531 1369 1585 1398 hac
1599 1368 1662 1397 vice
1675 1365 1866 1404 spectantem,
1886 1362 1923 1393 Et
1938 1362 2096 1397 diriguntur
2108 1359 2143 1388 he
2164 1358 2258 1388 Litere
2273 1356 2448 1387 Reverendo

1389 1411 1418 1477 ἰὲι
1440 1407 1566 1475 'Christo
1589 1406 1666 1436 Patri
1685 1414 1718 1435 ac
1733 1404 1869 1435 Domino
1885 1400 1999 1431 Roberto
2008 1421 2017 1436 ,
2037 1395 2221 1436 permissione
2235 1394 2331 1425 divina
2346 1392 2449 1432 Brssol

1425 1456 1445 1474 ii
1459 1456 1497 1476 co
1517 1456 1546 1475 o.

1419 1456 1516 1514 ιΤεΡΕΞ.
1534 1482 1616 1521 Rege
1634 1480 1709 1519 apud
1730 1477 2006 1518 Weslmonasterium,
2026 1474 2184 1506 undecimo
2204 1472 2249 1503 die
2268 1474 2353 1501 Maii.

1428 1560 1574 1599 Johannes
1597 1560 1714 1588 PVarren
1729 1579 1738 1594 ,
1763 1555 1912 1591 Clericus,
1940 1553 1976 1583 Α.
1998 1551 2042 1581 M.
2061 1552 2145 1581 habet
2166 1547 2326 1579 consimiles
2347 1547 2453 1578 Literas
2499 1548 2561 1571 202⁴

1391 1599 1521 1629 Parentes
1543 1597 1580 1627 de
1601 1597 1803 1634 presentatione
1821 1594 1855 1623 ad
1877 1592 2018 1622 Vicariam
2036 1590 2071 1620 dc
2086 1588 2183 1618 North
2198 1586 2307 1625 Asson,
2325 1586 2455 1616 Diocesis

1393 1641 1516 1675 Oxomk,
1533 1637 1589 1672 iam
1611 1636 1748 1674 legittime
1766 1634 1799 1665 ὃς
1820 1632 1856 1661 de
1874 1632 1934 1669 jure
1955 1638 2123 1665 vacantem,
2148 1628 2181 1656 δε
2195 1625 2228 1655 ad
2246 1626 2370 1654 nostram
2389 1635 2454 1662 pre-

1395 1677 1581 1707 sentationem
1606 1684 1654 1711 per
1679 1673 1797 1710 Lapsum
1814 1671 1966 1707 temporis,
1986 1667 2042 1697 sive
2061 1676 2108 1704 per
2126 1665 2290 1702 pravitatem
2305 1663 2455 1702 Simonie,

1397 1715 1453 1745 hac
1464 1715 1527 1745 vice
1538 1712 1728 1751 spectantem
1750 1711 1784 1740 Et
1806 1710 1964 1744 diriguntur
1982 1706 2020 1735 lie
2037 1705 2131 1736 Litere
2151 1702 2322 1732 Reverendo
2333 1703 2360 1731 iri
2369 1701 2456 1732 Chri-

1397 1755 1443 1821 stt?
1467 1753 1564 1790 Patri,
1589 1761 1622 1782 ac
1643 1751 1780 1781 Domino
1796 1746 1950 1786 Jvharmi,
1968 1743 2152 1783 permissione
2171 1740 2268 1771 divina
2288 1743 2397 1770 Oxonie
2414 1740 2456 1771 E-

1419 1801 1474 1821 lCO
1497 1801 1523 1820 O.

1398 1802 1416 1831 p
1436 1801 1528 1860 Tepste
1538 1828 1619 1867 Rege
1636 1825 1713 1865 apud
1724 1822 2002 1865 westmonasterium,
2020 1819 2178 1852 undecimo
2198 1817 2242 1848 die
2259 1819 2343 1847 Maii.

1438 1905 1586 1937 Richardus
1602 1902 1747 1944 Johnsc'rn,
1766 1901 1913 1936 Clericus,
1933 1898 1968 1928 A.
1991 1897 2036 1928 M.
2058 1897 2145 1927 habet
2163 1894 2325 1925 consimiles
2351 1892 2459 1925 Literas
2509 1888 2558 1914 ²⁶¹

1400 1945 1530 1976 Patentes
1542 1945 1577 1974 de
1591 1943 1793 1981 presentatione
1806 1939 1841 1970 ad
1856 1938 2022 1969 {lectoriam
2038 1936 2073 1966 de
2087 1934 2183 1965 Hareb
2207 1957 2216 1969 ,
2236 1933 2367 1963 Diocesis
2388 1935 2458 1962 Lin-

1400 1984 1504 2022 colm'e‚
1522 1984 1576 2021 jam
1598 1982 1735 2021 legittime
1749 1980 1781 2010 &
1796 1979 1833 2008 de
1848 1979 1910 2016 jure
1922 1984 2068 2006 vacantem
2079 1997 2088 2012 ‚
2106 1974 2140 2004 &
2153 1983 2167 2002 a
2204 1971 2327 2002 nostram
2346 1971 2459 2010 presen-

1401 2024 1539 2054 tationem
1555 2031 1604 2059 per
1626 2021 1793 2060 pravitatem
1811 2015 1958 2053 Simonie,
1978 2014 2035 2044 sive
2052 2023 2101 2051 per
2119 2010 2237 2048 Lapsum
2252 2010 2390 2046 temporis
2405 2010 2460 2040 hac

1401 2063 1467 2093 vice
1479 2060 1667 2099 spectantem·
1706 2057 1743 2088 Et
1763 2057 1922 2092 diriguntur
1938 2053 1977 2083 lie
1993 2052 2086 2082 Litere
2102 2051 2231 2081 Parentes
2248 2048 2460 2078 Reverendiffi-

1403 2110 1455 2130 mo
1470 2100 1499 2130 in
1521 2098 1641 2130 Christo
1656 2081 1731 2126 Ratri
1747 2105 1779 2125 ac
1796 2093 1947 2129 Domino,
1967 2091 2100 2121 Domino
2115 2087 2261 2129 Gusielmo,
2278 2087 2461 2124 providentia

1400 2135 1710 2206 divinafkncantuarienst
1731 2133 1974 2171 ArchiepiscopO,
1993 2130 2099 2159 ratione
2114 2126 2306 2166 Suspensionis
2323 2125 2461 2164 Episcopi

1403 2180 1489 2209 Linco
1517 2179 1550 2206 ie.

1437 2215 1529 2246 Teste
1544 2214 1628 2252 Rege
1644 2211 1719 2250 apud
1733 2208 2012 2250 Wstmonafferium‚
2029 2204 2190 2237 undecimo
2203 2203 2249 2233 die
2265 2204 2348 2233 Maii.

1435 2295 1555 2323 Evanus
1572 2295 1664 2322 owen
1678 2312 1688 2329 ‚
1715 2288 1846 2320 Clericus
1859 2310 1869 2325 ,
1895 2284 1925 2316 S.
1950 2283 1992 2315 T.
2019 2282 2050 2314 B.
2069 2283 2156 2313 habet
2174 2279 2333 2311 consimiles
2355 2278 2461 2310 Literas

1398 2331 1530 2363 Patentes
1545 2331 1583 2361 de
1598 2329 1801 2368 presentatione
1816 2325 1852 2356 ad
1871 2323 2041 2354 Restoriam
2056 2321 2093 2351 de
2101 2319 2192 2358 Castro
2203 2318 2360 2356 W'alwani,
2382 2317 2457 2348 Dio-

1399 2371 1468 2402 cesis
1491 2369 1684 2409 Mseneiaenfis²
1702 2377 1752 2405 per
1772 2364 1986 2403 resignationem
2011 2361 2102 2390 ultimi
2126 2358 2324 2389 incumbentis
2346 2356 2455 2386 ibidem

1398 2411 1455 2448 jam
1471 2417 1621 2441 vacantem
1631 2430 1643 2445 ,
1659 2408 1692 2438 &
1712 2405 1747 2437 ad
1763 2403 1889 2434 nostram
1906 2400 2139 2439 presentationem
2156 2397 2240 2434 pleno
2253 2397 2314 2434 jure
2329 2394 2461 2432 spectan-

1399 2458 1478 2486 tem3
1496 2448 1533 2478 Et
1549 2448 1707 2485 diriguntur
1725 2445 1762 2474 he
1778 2442 1870 2472 Litere
1885 2438 2062 2470 Reverendo
2075 2438 2102 2466 in
2119 2435 2235 2466 Christo
2252 2434 2327 2464 Patri
2341 2444 2373 2464 ac
2392 2433 2456 2463 Do-

1398 2489 1479 2518 mino
1492 2490 1608 2524 Rogero,
1628 2482 1811 2523 permissione
1823 2478 1919 2510 divina
1935 2475 2094 2513 Menevenfi
2108 2474 2263 2514 Episcopo.

1434 2525 1525 2557 Teste
1537 2525 1622 2564 Rege
1634 2522 1709 2563 apud
1725 2517 2000 2560 Wstmvnasterium,
2020 2513 2155 2545 vicesimo
2170 2512 2278 2543 oetavo
2293 2510 2340 2541 die
2357 2513 2442 2540 Maii.

1434 2602 1547 2640 Egia‘r‘us
1566 2600 1695 2636 Bankes,
1713 2597 1858 2632 Clericus,
1880 2592 1914 2623 A.
1939 2590 1986 2622 M.
2006 2591 2092 2622 habet
2105 2589 2263 2620 consimiles
2280 2588 2387 2618 Literas
2404 2587 2460 2618 Pa·
2500 2594 2561 2616 200.

1397 2646 1488 2671 tentes
1512 2640 1548 2671 de
1561 2638 1765 2677 presentatione
1780 2634 1815 2664 ad
1824 2632 1989 2664 Reetoriam
2004 2631 2038 2659 de
2046 2626 2216 2666 Sharnford,
2233 2626 2373 2656 Lincolni'e
2382 2627 2459 2656 Dio—

1395 2678 1479 2716 cesis,
1498 2688 1545 2718 per
1560 2685 1686 2708 mortem
1702 2674 1793 2705 ultimi
1803 2670 1999 2702 incumbentis
2007 2668 2115 2698 ibidem
2128 2668 2185 2703 iam
2195 2674 2355 2702 vacantem,
2374 2666 2407 2696 &
2421 2665 2460 2695 ad

1396 2717 1524 2748 nostram
1539 2715 1772 2754 presentationem
1793 2711 1878 2748 pleno
1888 2709 1953 2747 jure
1966 2707 2156 2745 speciantem3
2193 2703 2231 2734 Et
2245 2704 2401 2742 diriguntur
2419 2705 2458 2733 he

1396 2755 1493 2788 Litere
1520 2752 1766 2786 Reverendissimo
1788 2751 1817 2780 in
1839 2747 1958 2779 Christo
1983 2745 2057 2775 Patri
2075 2755 2107 2775 ac
2129 2744 2262 2774 Domino
2278 2763 2288 2779 ,
2325 2742 2458 2772 Domino

1395 2794 1545 2832 Gulielmo,
1563 2790 1743 2833 providentia
1758 2787 1855 2820 divina
1871 2783 2068 2824 Camuarienfi
2080 2781 2321 2820 Archiepiscopo,
2346 2782 2455 2811 ratione

1397 2834 1588 2872 Suspeiisionis
1605 2830 1736 2870 Episcopi
1753 2826 1906 2857 Lincolnie.

1430 2871 1521 2904 Teste
1533 2871 1619 2908 Rege
1633 2868 1707 2909 apud
1724 2864 1977 2906 Westmonast'erium
1986 2886 1996 2900 ‚
2011 2861 2126 2892 decimo
2140 2859 2245 2889 ofiavo
2260 2857 2307 2888 die
2319 2861 2402 2888 Maii.

1434 2948 1598 2981 Anthonius
1618 2944 1726 2983 Smith,
1743 2942 1891 2979 Clericus,
1909 2940 1939 2970 S.
1955 2939 1994 2970 T.
2013 2938 2043 2968 B.
2061 2938 2146 2968 habet
2170 2934 2327 2966 consimiles
2349 2935 2457 2965 Literas

1396 2990 1528 3020 Patentes
1542 2987 1579 3017 de
1595 2983 1800 3024 present-atione
1810 2981 1845 3011 ad
1862 2979 2027 3010 Rediotiarn
2041 2977 2078 3006 de
2091 2973 2299 3012 Abbingworth
2315 2974 2377 3003 alias
2390 2972 2456 3002 Ab·

1397 3029 1503 3066 bruger,
1522 3025 1654 3056 Diocesis
1673 3023 1835 3057 Wintonie,
1851 3020 1908 3056 jain
1934 3016 2074 3055 legittime
2098 3015 2131 3044 &
2151 3013 2186 3042 de
2203 3015 2266 3051 jure
2287 3020 2456 3050 vacantem,

1398 3069 1431 3098 &
1445 3066 1480 3096 ad
1501 3064 1627 3096 nostram
1653 3059 1886 3098 presentationem
1903 3065 1951 3093 per
1967 3054 2132 3092 pravitatem
2150 3051 2281 3081 Simonie
2295 3073 2304 3088 ‚
2329 3050 2388 3079 sive
2405 3059 2456 3086 pei·

1399 3104 1520 3140 Lapsum
1537 3100 1674 3138 temporis
1687 3100 1740 3129 hac
1754 3097 1822 3127 vice
1843 3095 2036 3132 speciantem3
2073 3090 2109 3120 Et
2124 3089 2281 3128 diriguntur
2305 3089 2340 3118 he
2362 3088 2457 3119 Litere

1399 3140 1574 3173 Reverendo
1588 3141 1617 3169 in
1633 3136 1751 3168 Christo
1766 3134 1839 3164 Patri
1853 3142 1885 3163 ac
1902 3132 2036 3163 Domino
2047 3127 2196 3166 Gualtero,
2214 3126 2398 3167 permissione
2413 3126 2457 3156 di-

1399 3180 1466 3213 vinia
1481 3181 1627 3210 Wintonie
1641 3174 1795 3213 Episcopo.

1433 3218 1523 3249 Teste
1554 3216 1637 3255 Rege
1670 3212 1744 3252 apud
1775 3207 2033 3249 Wftmonasteritim
2047 3231 2058 3245 ‚
2084 3204 2221 3237 vicesimo
2252 3202 2379 3233 secundo
2410 3202 2457 3234 die

1400 3261 1486 3288 naas.

2500 2943 2561 2973 1991

1435 3334 1548 3365 Thomas
1569 3329 1679 3367 trude,
1698 3327 1844 3364 Clericus,
1864 3323 1901 3354 A.
1924 3322 1971 3353 M.
1996 3322 2084 3352 habet
2103 3318 2262 3351 consimiles
2281 3317 2390 3349 Literas
2404 3316 2459 3348 Pa-

1400 3383 1490 3405 rentes
1504 3372 1541 3401 de
1554 3368 1759 3410 presentatione
1770 3365 1804 3395 ad
1818 3364 1964 3395 Vicariam
1977 3361 2012 3391 de
2022 3359 2205 3397 winsi-viche,
2226 3357 2358 3387 Diocesis¹
2371 3355 2458 3386 Glau-

1401 3410 1560 3452 cestrienfis,
1571 3410 1629 3447 jam
1644 3408 1782 3448 legitimte
1798 3404 1831 3436 ὃς
1846 3403 1882 3433 de
1894 3402 1957 3438 jure
1970 3407 2133 3435 vacantem,
2151 3398 2183 3427 &
2196 3396 2230 3425 ad
2247 3395 2372 3426 nostram
2394 3405 2467 3432 pre-.

1401 3451 1587 3482 sentationem
1610 3457 1658 3484 per
1681 3445 1845 3484 pravitatem
1865 3439 2014 3476 Simonie,
2030 3437 2085 3467 five
2108 3445 2155 3473 per
2181 3435 2300 3473 Lapsum
2321 3434 2458 3470 temporis

1401 3491 1454 3521 hac
1478 3489 1539 3519 vice
1560 3487 1735 3525 speetantem
1754 3495 1766 3521 ·,
1811 3480 1849 3511 Et
1870 3479 2027 3515 diriguntur
2052 3475 2088 3505 he
2113 3475 2209 3504 Litere
2232 3472 2406 3503 Reverendo
2428 3473 2457 3500 in

1402 3526 1521 3560 Christo
1544 3525 1619 3557 Patri
1638 3533 1672 3554 ac
1694 3521 1829 3554 Domino
1851 3515 2000 3556 Godfrido,
2017 3511 2199 3553 permiffione
2217 3511 2316 3542 divinit
2337 3506 2460 3547 Glauces:

1401 3571 1473 3598 trien
1485 3577 1494 3593 ι
1508 3565 1532 3596 Ε
1553 3564 1609 3594 isco
1631 3572 1660 3592 ο.

1439 3565 1528 3637 Tgie
1534 3573 1630 3643 PRege}⁷
1633 3599 1707 3639 apud
1723 3593 1976 3636 Wesimonalierium
1985 3613 1995 3629 ,
2010 3589 2164 3621 undecimo
2177 3588 2224 3619 die
2238 3590 2322 3618 Maii.

2506 3320 2561 3361 198.

1442 3679 1588 3712 Gulielmus
1608 3675 1757 3712 Whittell,
1775 3672 1920 3706 Clericus,
1946 3668 1980 3699 A.
2002 3666 2048 3698 M.
2068 3667 2154 3697 habet
2172 3664 2333 3696 consimiles
2355 3663 2460 3693 Literas

1407 3722 1536 3753 Patentes
1554 3719 1589 3749 de
1610 3714 1813 3755 presentatione
1830 3710 1864 3740 ad
1885 3707 2051 3738 nestoriam
2074 3706 2110 3736 de
2133 3703 2285 3741 Segrestmm
2299 3725 2309 3740 ‚
2329 3702 2391 3731 alias
2412 3705 2461 3738 Sy-

1409 3760 1528 3798 resham,
1545 3758 1609 3787 alias
1631 3751 1754 3792 systum,
1775 3747 1904 3779 Diocesis
1928 3743 2153 3784 Perriburgenfis,
2178 3743 2238 3780 jam
2261 3741 2405 3778 legittime
2426 3741 2459 3770 &

1430 3796 1435 3799 ’
1732 3791 1764 3820 &
1789 3787 1823 3817 ad
1839 3783 2215 3827 nostram'preseutitionem
2231 3790 2279 3817 per
2296 3780 2462 3816 pravitatem

2504 3675 2561 3703 ¹97·

1409 3801 1445 3830 de
1464 3800 1526 3838 jure
1549 3801 1714 3827 vacantem,
2479 3820 2493 3834 α
2521 3818 2561 3844 X}

1411 3836 1556 3872 Simonie,
1575 3833 1631 3862 sive
1656 3838 1706 3867 per
1731 3825 1837 3864 lapsum
1857 3832 1991 3860 temporis
2010 3823 2063 3852 hac
2080 3822 2146 3851 vice
2161 3820 2179 3838 ²5⁵
2193 3818 2384 3856 speffianrem3
2426 3816 2463 3845 Et

1411 3877 1566 3914 diriguntur
1580 3872 1618 3900 he
1635 3869 1732 3909 Litere.
1745 3862 1914 3908 Reverendo
1926 3861 1955 3891 in
1964 3860 2081 3904 Christo¹
2097 3858 2173 3889 Patri
2187 3867 2221 3888 ac
2230 3856 2365 3886 Domino
2374 3858 2464 3884 Fran»
2479 3863 2542 3893 311.

1413 3913 1476 3954 cisso
1486 3936 1496 3950 ‚
1513 3906 1692 3947 permistione
1706 3902 1804 3933 divina
1818 3899 2015 3945 Petriburgmli
2027 3898 2179 3942 Episcopo.
2301 3934 2305 3938 Ι
2400 3932 2414 3937 ..

1450 3950 1539 3982 Teste
1555 3947 1641 3982 Rege
1655 3942 1729 3980 apud
1744 3938 2017 3979 westmonasterium,
2036 3940 2171 3967 vicesimo
2187 3933 2264 3964 sexro
2279 3932 2323 3961 die
2340 3933 2423 3959 Man.
2450 3960 2453 3963 ,

1454 4023 1611 4064 Radulphus
1627 4017 1735 4056 Smith,
1753 4017 1899 4054 Clericus,
1915 4015 1943 4045 S.
1963 4014 2006 4044 T.
2024 4012 2055 4043 Β.
2071 4011 2161 4041 habet
2184 4007 2342 4039 consimiles
2365 4006 2472 4035 Literas
2520 4019 2561 4050 ¹9<

1627 4058 1828 4097 presentatione
1844 4055 1879 4086 ad
1894 4053 2066 4085 Rectoriam
2084 4051 2121 4080 de
2136 4047 2242 4079 Milton
2259 4048 2360 4076 Leenes
2369 4067 2379 4082 ,
2399 4044 2476 4073 Dio-

1420 4067 1551 4099 Patentcs
1570 4061 1607 4092 de

2417 4082 2485 4113 cesis
