2561 4263
142 252 172 329 ,ΕΓ-ν..

281 280 309 325 'U'
282 252 310 273 V

143 902 157 924 2·
160 895 215 933 560
244 901 259 919 2
279 889 351 918 Eliz.

149 1230 219 1269 '1561
255 1225 358 1270 31:1122.

164 1861 234 1898 §562
267 1863 288 1892 4
305 1850 377 1882 eliz.

174 2270 241 2308 5563
279 2275 297 2304 5
316 2266 388 2296 Elia.

176 2419 248 2455 ¹564
283 2424 302 2451 6
318 2421 389 2450 eliz.

179 2803 213 2830 ¹5
215 2795 251 2830 ⁶5
289 2810 304 2838 7
323 2800 395 2829 ΕΗΖ..

189 3351 202 3375 i
204 3348 258 3385 566
293 3349 310 3378 8
327 3350 399 3380 eliz.

188 3843 255 3881 ¹567
288 3830 313 3875 '9
333 3840 402 3869 eliz.

392 149 857 201 ACTORUM
912 140 1858 195 MANUSCRIPTORUM‚
1913 145 1983 183 &ee

1294 239 1321 262 ς»

393 322 445 349 Pro
464 319 612 348 Willielmo
628 319 768 357 Pykering
779 318 866 347 Milite
883 328 932 355 pro
950 316 1080 360 Expenfis
1094 315 1149 344 suis

433 396 602 424 Allocationc
618 395 746 423 facienda.
1119 394 1151 418 16

395 436 437 462 De
451 435 578 472 Johannc
595 431 688 469 Barley
708 432 858 469 Capitaneo
881 429 1152 468 propugnaculorum

432 473 523 500 viridis
540 474 568 500 ὅτ,
584 471 656 507 nigri
670 471 741 507 apud
758 472 875 498 Dovorr.
895 471 1057 497 constitum.

399 512 441 538 De
459 510 563 537 Officio
582 508 732 546 impressor.
748 510 917 536 statutorum
929 528 936 539 ‚
959 506 1154 534 Proclamatio-

435 557 520 579 num,
547 546 774 581 Immenosum,
801 548 855 574 δερ.
878 546 995 573 Ricardo
1020 545 1108 582 Judde
1129 546 1156 572 δε

437 585 557 622 johanni
574 585 701 613 Cawood
715 584 851 612 concesso,
1125 582 1157 608 18

400 625 442 650 De
458 623 554 651 Valore
572 625 599 652 ὃς
617 622 704 650 Cursu
722 624 857 654 Monetae,
877 623 932 650 ἃς.
1127 629 1159 654 19

401 663 504 689 Iterum
521 661 553 688 de
567 671 595 689 re
611 660 771 689 monetaria.
1125 667 1160 685 20

404 699 557 735 Ejusmodi.

404 737 556 774 Ejusmodi.
1127 705 1142 723 2
1150 706 1158 722 ι

1128 743 1162 760 22

623 813 678 842 Ani
697 822 724 841 2.
743 810 814 840 Eliz.
833 812 956 849 Reginae.

410 890 452 917 De
465 889 591 927 johanne
609 890 734 926 Martyne
750 886 875 916 Delatore
888 888 1085 926 appundmato.
1132 887 1164 923 23

412 929 452 955 De
475 927 721 955 Commiffionariis
743 926 960 964 appune'tuandis
981 927 1012 953 ad
1030 925 1168 962 inquiren·

448 966 515 994 dum
532 966 563 993 de
580 965 714 997 Abbatiis,
735 965 912 996 Prioratibus,
932 966 986 992 &c.
1005 964 1066 1000 post
1091 964 1170 989 Mor-

448 1011 505 1031 tem
530 1004 655 1032 Edwardi
679 1012 763 1040 nuper
787 1003 872 1039 Regis
892 1001 1056 1032 restauratis,
1085 1003 1112 1029 &
1139 1001 1171 1028 de

627 1155 681 1182 An.
703 1163 729 1191 3.
749 1153 820 1183 Eliz.
839 1154 965 1193 Reginae.

417 1234 460 1261 De
485 1231 647 1270 inquirendo
669 1229 749 1268 super
768 1230 912 1263 Maneriis,
931 1229 1021 1257 Terris
1039 1231 1066 1258 δε
1084 1224 1176 1256 Tene-

456 1272 556 1299 mentis
573 1269 801 1298 Monasteriorum
812 1290 820 1301 ,
841 1272 894 1298 δῖε,
908 1267 1102 1297 dissolutorum
1121 1268 1178 1294 Re-

455 1309 525 1347 gina:
540 1307 737 1348 pertinentibus
748 1307 843 1345 vigore
858 1308 981 1335 Adtuum
998 1304 1179 1333 Parliamenti.

1143 1352 1178 1378 25

423 1387 465 1414 De
484 1385 604 1413 Licentia
617 1383 793 1422 imprimendi
810 1382 895 1411 Biblia
911 1384 987 1411 Sacra
1001 1392 1064 1410 cum
1083 1383 1178 1409 Anno-

456 1424 604 1452 tationibus
625 1423 653 1450 in
681 1423 784 1459 Lingua
809 1420 966 1454 vernacula,
987 1424 1040 1450 &c.
1059 1419 1180 1457 Johanni

460 1461 608 1499 Bodeleigh
619 1461 756 1489 concess'a.
1145 1458 1179 1484 26

424 1502 467 1528 De
491 1501 596 1528 Officio
620 1498 776 1527 Mercatoris
799 1498 914 1537 Reginae
929 1496 962 1526 ad
978 1498 1068 1525 Partes
1083 1496 1183 1523 Orien-

460 1537 523 1566 tales
544 1543 595 1576 pro
618 1539 697 1569 Pice,
724 1537 787 1564 Pice
808 1535 922 1574 liquida,
945 1536 1033 1567 Lino,
1053 1534 1182 1565 Canabo,

464 1579 517 1605 &c.
535 1578 566 1604 ad
585 1574 665 1603 usum
684 1574 811 1603 Navium
829 1574 1012 1612 providendis.
1149 1581 1181 1607 27

426 1616 468 1642 De
481 1613 675 1650 Qeremoniis
690 1611 918 1640 Ambaffiatorum
946 1612 1030 1650 Regis
1051 1612 1183 1647 Portuga-

463 1651 504 1680 liae
521 1652 635 1689 Reginae
649 1650 783 1689 praestitis.
1152 1647 1186 1675 28

429 1690 599 1719 Commiffio
616 1689 693 1726 super
706 1688 798 1716 Rebus
814 1686 1018 1720 Ecclefiasticis,
1039 1689 1093 1716 &a
1152 1695 1188 1721 29

641 1766 695 1797 Aa.
714 1775 743 1803 4.
762 1763 835 1793 Eliz.
855 1764 982 1802 Reginae.

434 1844 488 1871 Pro
504 1842 620 1871 Alfonso
636 1843 669 1870 de
685 1840 834 1870 Salablanca
849 1839 987 1877 Hispano,
1007 1838 1040 1866 de
1060 1838 1193 1867 Annuita-

470 1888 496 1908 te
511 1881 644 1908 conceffa.
1159 1885 1193 1913 30

434 1920 476 1945 De
497 1917 605 1946 diversrs
626 1916 718 1945 Terris
739 1916 844 1944 circum
866 1915 933 1943 circa
950 1914 1100 1942 Civitatem
1119 1916 1194 1942 Lon-

472 1956 538 1984 don.
559 1955 591 1983 ad
607 1954 687 1982 usum
704 1953 909 1991 Sagittariorum
927 1953 1074 1990 assignatis.
1162 1961 1192 1988 3¹

441 1993 529 2021 Litera
545 1993 660 2031 Reginae
675 1992 845 2030 promissoris«
861 2001 911 2029 pro
927 1991 1085 2019 resolvendo
1111 1992 1197 2019 Pecu·

475 2032 531 2059 nias
547 2031 594 2059 fibi
611 2037 757 2058 mutuatas.
1163 2038 1196 2066 32

440 2070 608 2097 Commiffio
622 2068 701 2107 super
718 2067 811 2096 Rebus
828 2066 1031 2100 Ecclefiasticis,
1051 2069 1105 2098 &ci

443 2108 597 2145 Ejusmodi.
1166 2114 1201 2142 34

659 2184 714 2212 An.
732 2192 761 2219 5.
780 2181 851 2212 Eliz.
873 2182 997 2221 Reginae.

446 2263 487 2290 De
507 2261 630 2290 Licentia
645 2259 826 2290 Eleemosmas
841 2257 997 2296 colligendi.

658 2338 712 2366 An.
730 2338 757 2367 6.
777 2334 850 2365 Eliz.
870 2336 996 2374 Reginae.

450 2418 492 2445 De
518 2415 653 2444 Potestate
674 2413 820 2442 commissa
842 2410 992 2440 Willielmo
1021 2409 1128 2439 Flower
1149 2408 1211 2438 alias

487 2456 598 2491 Norrey
616 2452 687 2491 Regi
713 2455 882 2480 Armorum,
902 2451 936 2478 ad
956 2449 1122 2479 visitandum
1146 2450 1212 2476 Pro-

487 2494 604 2521 vinciam
621 2491 696 2519 suam
713 2489 782 2518 ultra
800 2492 942 2517 Trentam.
1180 2488 1213 2522 36

453 2534 495 2560 De
513 2530 599 2559 Causa
616 2529 754 2558 maritima
767 2526 891 2557 audiendi
908 2530 935 2556 δε
953 2525 1159 2555 determinandi.
1180 2534 1212 2560 37

453 2572 494 2598 De
512 2570 646 2597 Potestate
658 2567 780 2596 concess'a
795 2567 826 2594 ad
842 2565 1016 2594 scrutandum
1032 2574 1083 2601 pro
1102 2563 1215 2590 Mineris

487 2606 663 2636 Metallorum
673 2627 681 2640 ,
702 2608 731 2636 &
744 2605 777 2633 de
793 2603 983 2643 prosequendo
1002 2601 1214 2666 Operationibugs

489 2655 592 2675 earum.
648 2659 653 2667 '-

671 2722 726 2749 An.
745 2722 773 2756 7.
790 2718 862 2748 Eliz.
881 2718 1007 2756 Reginae'.

420 2827 431 2833 ,
456 2801 496 2828 De
512 2798 679 2836 Corporibus
689 2798 868 2825 Mortuerum
884 2804 933 2832 pro
949 2793 1060 2823 Felonia
1072 2792 1213 2821 Condem-

490 2845 620 2866 natorum
636 2834 761 2873 Collegio
777 2833 919 2863 Facultatis
929 2832 1072 2861 Medicinae
1087 2832 1215 2859 London.

490 2875 630 2903 concessis.
1180 2877 1215 2905 39

456 2915 508 2942 Pro
526 2912 650 2948 Georgio
670 2911 758 2939 Habib
777 2909 894 2942 Caldeo,
914 2909 1049 2946 captivato
1071 2916 1119 2945 per
1140 2908 1215 2934 Tur-

491 2960 534 2979 cas
559 2959 624 2978 curn
649 2948 734 2981 Filio,
763 2947 926 2980 Sororibus,
955 2949 1009 2976 &c-
1035 2947 1067 2974 de
1094 2945 1216 2972 Licentia

492 2987 671 3016 Eleemofinas
687 2985 843 3024 colligendi.
1178 2992 1215 3018 40

458 3030 500 3056 De
516 3025 639 3055 Licentia
654 3025 823 3052 Scrutinium
839 3023 954 3052 faciendi
971 3021 1041 3050 infra
1062 3031 1215 3059 quemcun-

494 3101 655 3132 Calaminari
664 3121 672 3133 ‚
691 3103 745 3130 διε.

665 3264 719 3292 An.
739 3261 767 3291 8.
788 3259 861 3290 Eliz.
880 3260 1007 3299 Reginae.

458 3353 501 3380 De
517 3349 678 3387 inquirendo
696 3347 774 3385 super
790 3346 1003 3375 Dimissionibus
1019 3346 1167 3373 Terrarum
1187 3346 1215 3372 ὅτ,

495 3389 695 3417 Poiseffionum
718 3385 840 3414 Ecclesiae
864 3382 1028 3412 Cathedralis
1045 3382 1215 3411 Carliolenfis

494 3427 592 3465 absque
605 3423 707 3453 assensu
724 3423 843 3455 Decani‚
864 3425 918 3452 &c.

497 3501 551 3530 sor.
567 3501 713 3530 Willielmo
731 3498 834 3528 Palmer
847 3498 984 3527 concesso.
1179 3507 1217 3533 44

495 3587 557 3606 rum
575 3577 603 3604 in
624 3577 746 3604 Mineris.

498 3652 634 3683 conceffo.

669 3739 722 3767 An.
741 3745 769 3773 9.
787 3734 860 3765 Eliz.
878 3738 1004 3775 Reginae.

1196 332 1232 348 ,..=,0

431 359 508 396 super
528 357 652 386 Soldariis
678 357 794 385 levandis
816 357 843 384 in
867 357 1026 387 Almannia,
1045 358 1099 383 δίς.
1118 355 1151 381 de
1211 344 1232 369 Γ*

1124 478 1152 502 17
1193 482 1214 492 ε·

453 1042 596 1074 Manet-iis,
617 1041 723 1073 Terris,
745 1043 798 1068 δὶς.
816 1041 853 1067 eis
877 1039 1090 1077 pertinentibus,
1118 1041 1173 1066 διε.
1210 1041 1227 1065 {3

1138 1086 1174 1112 24
1222 1083 1227 1087 “

1164 2076 1247 2109 33,

462 3619 503 3646 De
519 3615 624 3643 Officio
638 3612 802 3642 Praeled’toris
817 3613 891 3651 Juris
907 3611 1003 3642 Civilis
1016 3612 1044 3640 in
1059 3583 1217 3676 Cantebri‘g}
1258 3606 1300 3656 1

1179 3659 1198 3685 4
1278 3655 1299 3683 [⁴

1184 238 1228 291 {ln

1187 292 1231 336 22¹¹}

1187 330 1206 377 {2
1215 346 1232 365 ,ὑ

1189 370 1234 409 {rig}

1193 464 1210 480 <2

1209 997 1262 1398 πῃῃέρῇθπῃπῇψμψῆῇὲ
1233 958 1241 966 =

1217 1322 1240 1453 ‘QQQ—
1217 1294 1234 1319 a?
1215 1255 1224 1266 v
1215 1214 1223 1226 Ῥ
1213 1188 1230 1199 ff

1232 1911 1279 2001 δὲ

1234 1964 1255 2002 Ξςζ

1234 2004 1255 2042 li}

493 3074 546 3103 que
572 3066 681 3091 Locum
709 3061 810 3100 Angliae
834 3064 862 3091 δι
880 3061 1018 3090 Hiberniae
1039 3070 1089 3098 pro
1116 3059 1217 3096 Lapide
1260 3055 1294 3083 Λ

1205 3107 1214 3124 1
1260 3096 1294 3130 ej&

457 3140 627 3171 Commiffio
639 3139 715 3177 super
731 3137 824 3167 Caufis
840 3136 1027 3166 Ecclefiasticis
1050 3137 1079 3164 in
1105 3107 1218 3164 Hiberia.
1260 3124 1296 3178 {⁴

1179 3183 1217 3209 42
1260 3173 1295 3217 ἐκ

1271 3218 1286 3233 *V

1258 3404 1298 3430 ‘i'

459 3466 502 3492 De
521 3467 599 3492 Loco
616 3463 693 3492 unius
707 3461 829 3490 Militum
849 3459 1034 3492 Eleemosina‚
1059 3459 1092 3487 de
1109 3430 1216 3496 Wynii3-
1253 3445 1298 3481 θ’,

459 3542 503 3569 De
520 3540 640 3567 Licentia
652 3540 786 3567 Tabernas
801 3537 921 3575 erigendi
938 3537 966 3564 in
980 3535 1061 3564 usum
1079 3536 1214 3571 Operato-
1254 3526 1262 3535 ⁶
1291 3526 1299 3535 ³

460 3830 503 3858 De
528 3824 652 3857 Licentia
676 3821 852 3861 imprimendi
873 3820 992 3851 Psalmos
1013 3820 1101 3851 David
1117 3841 1125 3853 ‚
1154 3821 1214 3893 δεῖ7
1259 3807 1285 3871 :⁸

1421 235 1448 310 'U'V

1307 1465 1375 1500 ¹576
1408 1460 1519 1490 18Eliz.

1313 1690 1380 1718 ¹577
1415 1690 1446 1718 19
1456 1680 1525 1709 Eliz„

1289 2805 1297 2814 ,
1339 2784 1409 2821 1578
1436 2779 1551 2808 2013l1'z.

1266 3356 1287 3397 ζ,
1340 3366 1410 3395 1579
1436 3361 1451 3380 2
1459 3360 1469 3380 1
1482 3351 1554 3381 Elii..

1749 345 1803 372 An.
1824 352 1865 371 ιο.
1881 341 1952 370 Eliz.
1970 341 2094 380 Reginae.

1540 422 1580 448 De
1597 419 1757 458 inquirendo
1772 418 1848 455 super
1864 418 2112 447 Perturbationibus
2133 420 2160 447 ὅ(
2184 418 2287 457 Ι)ἰ1ε,ηῑ)ῐἢ

1572 459 1730 501 dationibus
1746 456 1817 485 infra
1833 457 1974 485 Ecclesiam
2001 456 2188 484 Cathedralem
2214 459 2287 485 Nor-

1541 506 1709 562 Cgirictiiliiiio
1725 532 1803 571 super
1821 533 1912 561 Rebus
1930 531 2134 564 Ecclefiasticis,
2154 534 2209 561 δῖε.
2254 496 2292 568 ἐξ

1543 576 1581 600 De
1599 572 1795 602 Pardonatione
1810 581 1858 608 pro
1875 571 1954 598 Missa
1966 570 2101 598 audiendi.
2259 579 2295 604 50

1544 614 1584 639 De
1604 611 1724 638 Licentia
1744 608 1912 646 Alienigenas
1925 609 2070 637 adducendi
2085 618 2133 645 pro
2151 609 2297 646 Operatio-

1579 650 1659 677 nibus
1678 649 1862 679 Mineruam,
1884 650 1937 676 &a
2262 655 2295 681 51

1546 689 1586 715 De
1603 688 1724 715 Licentia
1739 686 1860 714 concessa
1875 685 1979 713 Cendre
1993 684 2025 711 de
2043 685 2184 712 Namours
2199 683 2300 712 facien—

1581 726 1608 753 di
1625 736 1674 762 pro
1690 725 1822 752 TinCtura
1838 726 2004 751 Pannorum.
2264 732 2300 758 5²

1548 765 1590 791 De
1615 761 1710 791 Literis
1736 761 1886 799 Reprisaliis
1903 760 2050 791 concessis,
2071 761 2171 788 intuitu
2186 761 2301 798 denega-

1583 802 1666 829 tionis
1682 801 1801 837 Justiciae
1812 821 1820 832 ‚
1834 808 1928 828 contra
1945 803 2035 831 bona,
2053 801 2106 827 Sec.
2125 800 2303 827 Subditorum

1585 838 1714 867 Poloniae.
2266 846 2303 874 53

1550 880 1592 905 De
1610 879 1685 905 Statu
1702 875 1894 904 Ordinantium
1912 877 1938 904 ὃῑ
1958 877 2159 903 Armaturarurn
2183 874 2304 913 supervi-

1586 917 1685 944 dendo.
2269 922 2307 950 54.

1554 953 1722 997 Commiffio
1746 951 1823 990 super
1848 950 1941 979 Rebus
1965 949 2153 979 Ecclefiasticis
2167 951 2194 978 in
2210 951 2308 979 Hiber·

1589 1001 1642 1020 nia.
2271 998 2309 1026 55

1557 1137 1696 1186 Capitula
1715 1138 1805 1171 Ac’r
1819 1148 1841 1169 o
1857 1148 1878 1170 R
1895 1148 1916 1170 u
1933 1149 1960 1170 M
1982 1139 2061 1171 Dat.
2077 1139 2226 1183 Regnante
2244 1136 2314 1170 Eli·

1800 1183 1934 1218 zabetha
1952 1188 2073 1232 Regina.

1864 1277 1944 1314 Vol.
1970 1280 2020 1312 II.

1771 1375 1824 1402 An.
1842 1371 1884 1400 18.
1902 1371 1971 1400 Eliz.
1989 1372 2113 1410 Reginae.

1634 1451 1654 1478 E
1685 1449 1865 1478 concessione
1895 1448 2048 1476 Praebendae
2079 1449 2210 1476 Edwardo
2235 1449 2322 1475 Grant

1670 1488 1872 1524 Ludimagistro
1890 1486 1995 1518 Scholae
2013 1487 2126 1524 Reginae
2141 1488 2210 1524 apud
2236 1487 2322 1513 West-

1604 1526 1809 1554 monasterium.
2201 1526 2289 1552 Num.
2310 1534 2319 1550 r

1774 1610 1828 1637 An.
1851 1617 1894 1643 ¹9-
1911 1607 1981 1637 Eliz.
2001 1608 2125 1646 Reginae.

1573 1694 1657 1730 Super
1674 1692 1801 1729 Cunagio
1816 1691 1894 1719 Auri.
2312 1702 2327 1720 2

1576 1732 1615 1758 De
1640 1729 1798 1758 Praelestore
1824 1730 1897 1766 Juris
1915 1727 2011 1757 Civilis
2025 1731 2096 1768 apud
2114 1733 2209 1759 Oxon.
2230 1731 2332 1759 consti-

1609 1775 1680 1796 tuto.
2316 1776 2330 1806 3

1577 1807 1745 1834 Commisiio
1761 1805 1838 1845 super
1856 1805 1948 1834 Rebus
1962 1805 2166 1843 Ecclefiastici5‚
2187 1809 2240 1836 &c.
2313 1817 2334 1843 4

1578 1846 1630 1873 Pro
1647 1844 1818 1872 Chxistofero
1834 1846 1936 1872 Saxton
1947 1865 1954 1876 ,
1975 1846 2007 1873 dc
2026 1845 2145 1872 Licentia
2160 1845 2334 1883 imprimendi

1616 1882 1731 1912 Tabulas
1745 1883 1996 1921 Cosmographicas
2011 1884 2204 1911 Comitatuum
2220 1882 2336 1920 Angliae.

1583 1960 1625 1987 De
1642 1960 1747 1988 Officio
1765 1960 1935 1997 Imprefl‘oris
1954 1960 2067 1997 Reginae
2085 1959 2230 1987 Librorum
2247 1961 2337 1987 Statu-

1619 2004 1713 2026 torum
1732 1999 1853 2026 Astuurn
1871 1997 2057 2029 parliamenti,
2081 1997 2338 2028 Proclamationum,

1620 2038 1674 2064 &c.
1695 2035 1867 2064 Christofero
1886 2036 1982 2064 Barkes
1999 2036 2136 2064 concesso.
2321 2037 2340 2062 6

1585 2075 1690 2102 Intuitu
1713 2074 1820 2102 Servitii
1843 2075 1871 2101 in
1896 2073 1966 2102 Bello
1986 2095 1992 2106 ,
2019 2076 2052 2102 de
2075 2074 2221 2102 duodecim
2251 2075 2341 2101 Dena-

1619 2113 1663 2140 riis
1688 2122 1734 2150 per
1759 2113 1842 2140 Diem
1866 2112 2064 2141 Bartholomaeo
2088 2112 2180 2140 white
2201 2111 2350 2140 conceffis.

1585 2187 1726 2226 Obligatio
1750 2198 1800 2227 pro
1827 2189 1950 2217 Pecuniis
1975 2198 2021 2226 per
2046 2189 2184 2227 Reginam
2215 2158 2345 2216 mutuati⁷s

1624 2227 1753 2254 Statubus
1770 2225 1865 2264 Belgii.
2327 2226 2344 2253 8

1588 2267 1630 2294 De
1645 2266 1778 2293 Potestate
1792 2265 1914 2293 concessa
1935 2265 2056 2293 Martino
2071 2265 2221 2302 Furbysner
2243 2264 2275 2291 ad
2297 2273 2346 2291 ex-

1624 2302 1786 2341 plorandum
1803 2304 1892 2331 Partes
1908 2303 2027 2331 Boreales
2042 2306 2068 2332 &
2091 2301 2274 2332 Occidentales
2296 2311 2346 2339 pro

1627 2342 1749 2379 Passagio
1765 2342 1797 2370 ad
1813 2342 1917 2378 Cathay
1933 2342 2096 2379 detegendo.
2166 2348 2175 2352 ”
2329 2348 2347 2375 9

1589 2381 1641 2409 Pro
1660 2380 1776 2408 Servitio
1792 2381 1819 2408 in
1837 2379 2001 2408 Militaribus
2017 2379 2242 2417 Expeditionibus
2259 2379 2287 2406 in
2297 2378 2349 2406 Hi·

1626 2418 1700 2447 bern.
1715 2418 1747 2446 de
1763 2418 1942 2446 Conceffione
1956 2417 2074 2446 duorum
2092 2417 2246 2446 Solidorum
2263 2419 2289 2445 &
2304 2416 2350 2444 sex

1627 2457 1808 2484 Denariorum
1823 2466 1870 2494 per
1887 2457 1987 2489 Diem,
2004 2457 2115 2485 durante
2133 2456 2216 2488 Vita,
2239 2455 2353 2482 Edwar-

1625 2496 1661 2523 do
1679 2497 1817 2522 Brereton.
2318 2502 2350 2519 xo

1593 2533 1762 2560 Commiffio
1778 2532 1857 2570 super
1874 2531 1965 2560 Rebus
1983 2531 2175 2561 Ecclesiasticis
2189 2551 2197 2564 ,
2219 2533 2273 2559 &c.
2321 2539 2349 2557 ιι

1594 2571 1746 2607 Ejusmodi.
2319 2577 2350 2595 12

1594 2611 1635 2638 De
1653 2609 1774 2637 Licentia
1788 2606 1970 2636 Eleemofinas
1984 2605 2138 2645 colligendi.
2318 2615 2349 2643 ¹3

1800 2698 1856 2726 An.
1876 2705 1922 2724 20.
1943 2693 2015 2724 Eliz.
2035 2695 2158 2733 Reginae.

1597 2782 1640 2810 De
1664 2780 1799 2819 Tirlaugh
1826 2779 1964 2818 Lonaugh
1983 2781 2016 2809 ad
2039 2782 2127 2808 Status
2152 2781 2179 2808 δε
2198 2779 2353 2816 Dignitates

1637 2820 1747 2847 Baronis
1761 2823 1788 2848 &
1807 2819 1929 2846 Comitis
1942 2818 2079 2846 Hiberniae
2094 2818 2197 2846 cresto.
2321 2826 2353 2853 ¹4

1599 2859 1653 2886 Pro
1671 2858 1767 2885 eodem
1777 2878 1785 2889 ‚
1807 2857 1903 2884 Literae
1921 2857 2042 2884 Patentes
2056 2856 2089 2883 de
2108 2856 2252 2884 Creatione
2266 2854 2294 2882 in
2304 2856 2354 2882 Ba-

1634 2905 1729 2923 ronem
1745 2896 1777 2923 de
1793 2893 1943 2931 Clougher.
2322 2901 2354 2928 ¹5

1602 2933 1760 2970 Ejusmodi,
1780 2934 1812 2961 de
1838 2932 1981 2960 Creatione
2002 2932 2031 2960 in
2052 2932 2196 2960 Comitem
2219 2931 2251 2959 de
2274 2929 2355 2960 Clan-

1634 2971 1741 3000 connel.
2321 2970 2354 2996 16

1600 3013 1642 3039 De
1660 3008 1807 3038 Willielmo
1819 3011 1912 3046 Drury
1929 3007 2016 3036 Milite
2039 3007 2193 3045 justiciario
2219 3007 2356 3036 Hiberniae

1635 3049 1662 3076 in
1678 3047 1803 3076 Absentia
1821 3047 1950 3085 Deputati
1966 3047 2126 3074 constituto.
2323 3055 2354 3080 ¹7

1602 3088 1643 3114 De
1657 3087 1762 3114 Officio
1778 3086 1914 3114 Secretarii
1949 3095 1979 3113 ro
1996 3086 2103 3123 Lingua
2117 3083 2220 3112 Gallica
2243 3082 2354 3111 Nicasio

1638 3124 1787 3152 Yetsweirt
1810 3127 1836 3153 ὅ(
1864 3095 1961 3151 Catulo
1987 3122 2055 3151 Filio
2077 3122 2126 3150 suo
2148 3122 2274 3149 concesso
2289 3141 2296 3153 ,
2325 3123 2354 3150 δί

1639 3163 1804 3191 Reverfione
1834 3162 1902 3190 Loci
1932 3161 2012 3189 unius
2040 3168 2155 3199 quatuor
2184 3158 2356 3188 Clericorum

1635 3202 1739 3238 Signeti
1754 3201 1829 3229 dicto
1849 3198 1959 3228 Carolo.
2323 3196 2355 3224 18

1803 3277 1856 3306 An.
1875 3285 1920 3305 ιι.
1940 3273 2012 3304 Eliz.
2029 3274 2155 3313 Reginae.

1599 3355 1641 3382 De
1657 3353 1783 3391 johanne
1799 3354 1901 3381 Bowrk
1924 3354 1955 3382 ad
1977 3352 2149 3390 Dignitatem
2173 3349 2281 3379 Batonis
2300 3348 2352 3377 Hi·

1633 3392 1729 3420 berniae
1745 3391 1890 3429 praefesto.
2318 3395 2353 3420 ¹9

1600 3431 1722 3457 Parentes
1740 3430 1835 3457 Literae
1855 3429 1932 3465 super
1948 3428 2092 3456 creatione
2107 3427 2241 3466 praedicta.
2314 3434 2350 3450 20

1599 3466 1763 3495 Commiffio
1778 3477 1827 3506 pro
1846 3469 1937 3495 Rebus
1953 3465 2139 3495 Ecclefiasticis
2153 3467 2181 3492 in
2197 3461 2295 3491 Wallia.
2316 3469 2347 3488 21

1803 3545 1858 3572 An.
1878 3552 1923 3580 30.
1940 3542 2011 3572 Eliz.
2031 3543 2156 3581 Reginae.

1544 3646 1550 3653 ,
1599 3622 1682 3664 Super
1708 3620 1902 3658 Reparatione,
1923 3622 1951 3648 &
1970 3620 2002 3648 de
2026 3615 2184 3656 inquirendo
2208 3614 2240 3641 de
2257 3613 2350 3642 Perso-

1632 3667 1692 3690 nis,
1721 3659 1830 3690 Terris,
1859 3658 2051 3689 Tenemenris,
2071 3659 2124 3683 ἃς.
2144 3653 2272 3680 obnoxiis
2295 3654 2351 3680 Rea

1634 3696 1818 3734 partitionibus
1835 3695 1956 3725 Ecclefiae
1979 3691 2142 3724 cathedralis
2164 3691 2255 3718 Saneti
2276 3690 2350 3718 Pauli

1639 3734 1767 3763 London.
1787 3737 1841 3763 &c.
2315 3737 2348 3755 22

1603 3773 1643 3800 De
1657 3773 1817 3810 inquirendo
1832 3773 1908 3812 super
1927 3769 2121 3800 Observatione
2140 3767 2238 3795 statuti
2258 3767 2350 3794 Recu-

1636 3811 1743 3841 santiae.
1763 3813 1790 3840 δε
1807 3813 1838 3840 de
1853 3809 2044 3839 Pardonatione
2066 3816 2116 3844 pro
2140 3805 2189 3833 illis
2211 3806 2259 3842 qui
2287 3804 2348 3832 {unt

1636 3849 1804 3877 Conformes
1824 3849 1950 3886 LegibuS.
2314 3851 2347 3878 23

1601 3888 1641 3914 De
1666 3886 1811 3915 Willielmo
1834 3886 1959 3916 Tedder,
1985 3882 2108 3911 Samuele
2131 3883 2271 3918 Conyers‚
2297 3882 2352 3908 ἃς.

1636 3927 1663 3952 &
1689 3925 1817 3954 omnibus
1840 3923 1951 3962 jesuitis
1967 3921 2141 3952 sacrificulis,
2164 3922 2218 3948 Sec.
2235 3917 2352 3956 proscri-

1633 3963 1734 3993 bendis.
2317 3965 2328 3981 2
2333 3965 2353 3990 4

2308 3993 2359 4029 Ine

1928 3995 1990 4027 Za
