2561 4263
224 139 251 175 6

229 217 284 250 sese
306 217 455 250 obtulerit.
493 215 592 248 Vestra
615 214 692 245 enim
718 213 748 242 in
771 218 826 240 nos
847 207 1051 239 benevolentia
1076 216 1138 237 non
1164 207 1224 245 jam
1242 207 1302 251 pri-

233 258 319 288 mum
336 267 372 288 ex
387 257 518 287 sermone
542 253 697 284 vestrarum
717 250 888 279 Litterarum
902 246 1050 285 prospecta
1071 245 1131 284 est,
1150 245 1194 276 sed
1210 245 1297 283 reipsa

230 304 312 327 antea
326 305 441 335 quoque
452 294 505 324 sese
519 291 661 330 perspicue
674 287 814 324 ostendit,
830 295 899 317 curn
914 283 1178 317 Reverendissimus
1192 283 1297 327 Cardi-

232 335 301 365 nalis
317 334 402 364 Polus
421 331 654 368 consanguineus
673 325 772 356 noster
791 324 970 356 chariffimus
995 323 1076 355 tanta
1089 323 1264 353 humanitate
1280 323 1296 352 a

231 372 336 404 Vestra
344 370 554 402 Dominatione
569 374 701 403 exceptus
709 363 894 402 trastatusque
902 363 996 393 fuerit.
1012 361 1050 392 Et
1060 371 1129 392 curn
1136 361 1211 391 nulla
1224 362 1297 400 grati

232 411 324 442 officii
346 412 416 441 ratio
440 409 479 438 illi
499 407 564 437 viro
589 404 720 434 exhiberi
736 410 835 442 queat,
861 411 947 440 quam
969 401 1054 431 nobis
1074 403 1159 431 etiam
1174 399 1296 437 praestari

233 460 295 482 non
309 450 486 488 cogitamus,
505 451 642 482 quantum
658 441 828 473 humanitati
842 439 963 477 vestrae,
983 438 1031 469 vel
1046 449 1084 469 eo
1106 439 1245 474 nomine,
1261 437 1296 467 li-

235 489 336 520 benter
368 486 462 515 uidem
477 483 632 519 debemus,
650 479 735 519 reipsa
742 479 843 549 lpotitis
857 477 1120 517 aliquando,quam
1137 486 1216 507 nunc
1231 486 1296 507 ver-

234 528 280 557 bis
301 497 397 556 V.(l).
409 522 527 561 experiri
554 519 705 550 malumus.
772 519 862 556 eliqua
875 527 940 555 quae
955 516 990 547 ad
1010 516 1176 553 praesentem
1199 525 1294 546 rerum

235 564 396 595 nostrarum
417 560 518 590 statum
537 560 680 597 pertinent
696 557 730 588 ad
749 558 901 587 hominem
917 555 967 593 qui
984 555 1047 585 istas
1061 555 1162 593 perfert
1177 554 1296 584 Litteras

237 603 401 636 referimus,
417 598 478 629 Cui
496 606 527 628 ut
543 597 629 628 fidem
645 597 683 627 V.
699 597 739 627 D.
755 597 876 632 tribuat,
915 593 1080 625 ostulamus.
1117 592 1216 631 Deus,
1233 593 1296 624 δῖε.

234 641 279 672 Ex
291 638 384 678 Regia
398 636 496 668 nostra
510 636 650 676 Redingi,
662 635 788 667 secundo
795 634 883 673 Augu
911 634 921 663 i
937 640 1023 672 1554.

835 709 934 742 Vestra
951 708 1169 750 Consanguinea

1092 785 1258 817 MARIA.

389 920 525 952 Civitati
549 915 729 960 Gedadeffi,
749 926 802 961 pro
829 913 977 947 Gulielmo
997 908 1142 958 lihtsbno'.

227 1003 340 1064 MA
361 1003 440 1034 nifici
469 1003 614 1041 Domini,
642 1001 724 1032 Coss.
751 999 904 1032 Proconss.
931 998 965 1030 ὅ(
992 998 1060 1030 Sen.
1083 997 1182 1029 Amici
1201 997 1297 1029 'nostri

327 1013 502 1073 ghariffimi.
547 1042 710 1081 Negotium
734 1039 864 1069 dedimus
885 1037 1038 1068 Gulielmo
1062 1037 1205 1068 Watsono
1227 1037 1297 1068 Civi

228 1081 425 1119 Londineiisi‚
442 1080 517 1111 fideli
531 1079 759 1110 nostroSubdito
774 1079 807 1109 ὅ(
823 1077 984 1115 Familiari,
1003 1086 1033 1107 ut
1049 1076 1158 1115 Funes‚
1176 1076 1298 1107 Ruden-

228 1129 290 1158 tes,
309 1120 419 1156 Malos,
427 1119 619 1158 reliquamque
636 1118 784 1149 materiam
800 1115 834 1147 ad
848 1126 909 1146 rem
920 1116 1064 1147 nauticam
1078 1116 1213 1146 idoneam
1224 1139 1234 1153 ‚
1246 1124 1298 1153 pro

229 1160 316 1190 nobis
336 1157 397 1189 istic
412 1167 531 1188 curaret.
569 1158 647 1196 Qiae
663 1167 705 1187 res
721 1156 855 1194 singulae,
873 1165 942 1186 cum
958 1155 1033 1192 apud
1050 1165 1106 1185 vos
1122 1154 1205 1185 valde
1221 1163 1298 1192 para-

228 1198 299 1229 biles
317 1197 386 1235 sint,
402 1197 436 1228 &
453 1196 487 1226 ad
503 1195 632 1227 nostrum
650 1196 732 1226 usum
750 1194 912 1225 commode
928 1195 985 1223 emi
1003 1193 1218 1231 soleant,vobis
1233 1193 1299 1223 scti-

227 1237 358 1268 bendum
371 1235 427 1266 elie
452 1236 628 1275 putavimus,
650 1243 679 1265 ut
704 1233 867 1265 Gulielmus
882 1232 1038 1262 Watibnus
1054 1233 1088 1264 &
1112 1233 1169 1269 ejus
1186 1230 1297 1262 Procu-

229 1284 349 1313 ratores,
369 1274 466 1304 nostro
481 1275 615 1312 nomine,
635 1275 751 1304 liberam
767 1273 782 1301 a
800 1273 884 1302 vobis
898 1270 1064 1309 potestatem
1078 1271 1202 1300 habeant
1216 1270 1298 1301 secu·

227 1316 259 1345 re
277 1313 361 1344 istinc
378 1313 536 1349 avehendi,
553 1313 587 1343 &
601 1315 665 1344 tuto
681 1311 714 1342 ad
729 1321 782 1341 nos
796 1310 1018 1348 transportandi,
1044 1308 1180 1347 quicquid
1205 1308 1298 1347 hujus-

227 1353 310 1383 modi
328 1361 440 1387 rerum,
453 1351 486 1382 ad
505 1352 588 1382 illum
601 1352 694 1389 ipsum
709 1350 789 1380 usum
804 1348 935 1379 nostrum
950 1349 985 1378 ab
1001 1349 1041 1378 eis
1060 1357 1187 1385 paratum
1205 1348 1298 1378 fuerit.

226 1390 321 1430 Qiod
340 1392 446 1421 factum
461 1389 589 1421 vestrum
605 1392 638 1421 &
655 1390 740 1420 nobis
755 1397 864 1427 gratum
875 1411 883 1426 ,
909 1388 941 1418 &
959 1387 1042 1417 vobis
1056 1387 1141 1417 etiam
1158 1396 1297 1417 commo-

225 1431 296 1460 dum
312 1431 364 1459 erit
378 1451 388 1467 ,
406 1430 477 1460 cum
495 1439 548 1460 vos
563 1438 609 1459 aut
624 1428 710 1459 vestri
729 1427 877 1462 homines,
896 1424 992 1456 nostri
1005 1425 1204 1463 Authoritate,
1222 1427 1253 1456 in
1262 1425 1297 1456 fi-

225 1468 287 1499 mili
302 1467 384 1499 causa
399 1468 512 1508 egeatis.
528 1467 652 1500 Salvere.
690 1465 905 1498 Richmondiae
923 1473 957 1494 12
965 1463 1087 1503 Augusti
1106 1472 1192 1503 1554.

1085 1540 1255 1572 Mania.

431 1672 476 1704 D.
500 1670 603 1715 Cosmo
627 1666 786 1706 Medices,
813 1666 896 1697 Duci
918 1665 1083 1698 Florentiae.

258 1755 445 1786 Llustiiffime
469 1753 557 1790 Dux,
580 1753 642 1783 &c.
681 1751 846 1782 Gratulatio
867 1749 977 1788 vestra,
999 1749 1034 1780 de
1055 1748 1175 1788 Nuptiis
1195 1749 1298 1780 nostris

273 1805 341 1832 quas
356 1803 424 1824 curn
440 1791 631 1822 invictissimo
648 1789 800 1829 Principe,
820 1789 956 1819 Domino
980 1789 1014 1819 &
1034 1788 1171 1827 Coniuge
1195 1788 1295 1819 nostro

229 1833 393 1863 charissimo
417 1831 701 1868 concelebravimus‚
714 1829 797 1859 nobis
813 1828 877 1858 sane
892 1836 1039 1866 peroptata
1056 1827 1117 1859 fuit.
1156 1827 1227 1858 Hoc
1244 1830 1297 1858 ita-

226 1881 283 1908 que
306 1870 430 1901 vestrum
445 1869 581 1909 singulare
597 1869 626 1898 in
644 1878 696 1898 nos
710 1868 837 1898 studium
864 1876 1018 1904 utrumque
1041 1865 1173 1897 nostrum
1192 1866 1296 1906 magna

224 1908 320 1940 affecit
337 1909 433 1940 laetitia
447 1918 529 1949 atque
553 1907 709 1945 voluptate.
747 1905 805 1937 Cui
823 1904 918 1936 vestro
941 1914 998 1935 tam
1021 1913 1104 1943 grato
1128 1905 1213 1935 nobis
1227 1905 1297 1936 offi-

220 1949 286 1985 cio,
304 1957 363 1978 non
379 1949 434 1979 hac
451 1948 583 1985 praesenti
607 1945 743 1984 scriptura
756 1968 767 1984 ,
798 1944 844 1975 sed
873 1943 974 1975 mutua
990 1945 1019 1973 in
1038 1944 1184 1982 posterum
1209 1946 1297 1975 bene-

220 1986 346 2017 volentia
358 1987 480 2017 libenter
496 1985 740 2024 respondebimus.
780 1982 894 2014 Caetera
911 1993 975 2021 quae
989 1982 1024 2013 ad
1048 1992 1101 2013 nos
1123 1981 1297 2013 nostrarum-

220 2033 276 2092 gue
291 2035 385 2055 rerum
410 2026 513 2056 statum
537 2026 673 2062 pertinent
688 2023 876 2054 commodius
890 2022 1056 2061 uberiusque
1067 2022 1116 2059 qui
1129 2021 1179 2051 has
1193 2022 1299 2060 perfert

241 2063 382 2095 eclarabit.
420 2064 523 2101 Deus,
541 2066 605 2095 δίς.
641 2061 854 2093 Richmondiae
877 2069 911 2100 ¹4
927 2059 1051 2100 Augusti
1071 2068 1158 2099 1554.

359 2190 442 2222 Duci
465 2189 502 2224 ὢν
528 2183 784 2219 Gubernasoribus
808 2182 984 2231 Reipublicae
1009 2186 1173 2230 Genuetfis.

226 2271 444 2328 ILlustriffime
465 2271 537 2302 Dux
551 2294 561 2309 ,
590 2270 801 2309 Magnificique
824 2270 1056 2311 Gubernatores,
1081 2272 1183 2304 Amici
1205 2270 1295 2303 nostri

271 2310 445 2341 Chariffimi.
485 2310 602 2340 Litterae
619 2320 686 2347 quas
700 2310 816 2347 publice
831 2310 865 2339 ad
891 2320 942 2340 nos
964 2311 1097 2349 dedistis,
1124 2311 1224 2349 studii,
1244 2312 1294 2342 be-

223 2350 416 2388 nevolentiae,
444 2349 476 2380 &
496 2348 666 2380 officiorum
687 2350 797 2386 plenae,
821 2358 956 2386 perquam
977 2351 1060 2380 nobis
1082 2359 1210 2388 acceptae
1231 2350 1292 2381 fue-

224 2396 299 2418 runt.
337 2388 442 2418 Sermo
459 2388 564 2425 etiam,
585 2396 673 2424 quem
692 2387 789 2418 vestro
814 2386 971 2426 vestraeque
994 2388 1176 2426 Reipublicae
1197 2389 1294 2419 nomi-

222 2435 277 2464 ne,
296 2427 416 2465 prudens
431 2427 496 2457 sane
514 2427 556 2456 vir
573 2425 698 2465 Legatus
720 2425 811 2456 vester
827 2426 901 2463 apud
924 2436 976 2456 nos
991 2427 1106 2463 habuit,
1131 2428 1217 2458 nobis
1232 2437 1295 2458 ma-

220 2467 349 2503 gnopere
363 2466 477 2503 placuit}
515 2463 549 2495 In
565 2464 624 2505 hoc
639 2465 716 2494 enirn
730 2464 871 2495 Sermone
886 2465 919 2495 &
943 2466 971 2494 in
994 2466 1046 2496 illis
1061 2466 1162 2496 itidem
1180 2466 1294 2497 Litteris

222 2512 313 2540 gratae
327 2503 542 2543 lignificationcs
560 2503 645 2533 vestii
659 2503 776 2533 Amoris
793 2505 820 2532 in
835 2512 904 2540 nos,
922 2504 956 2535 &
971 2511 1069 2542 graves
1085 2504 1293 2536 testificationes

223 2543 410 2574 observantiae
437 2552 500 2582 erga
523 2541 752 2580 potentlffimum
767 2541 950 2579 Principem,
970 2543 1137 2573 Dominum
1159 2543 1192 2574 ὃ(
1209 2543 1294 2573 Con—

219 2580 319 2619 jugem
345 2581 473 2612 nostrum
499 2581 697 2611 chariffimum
719 2602 729 2618 ,
754 2580 835 2610 valde
857 2582 1003 2617 perspicue
1021 2581 1179 2612 elucebant.
1216 2583 1294 2621 Qiae

226 2620 316 2649 vestra
330 2620 359 2650 in
377 2630 530 2657 utrumque
549 2618 684 2649 nostrum
699 2618 805 2656 studia,
832 2621 946 2657 quando
966 2621 1050 2650 vobis
1075 2619 1228 2659 vestrisque
1250 2631 1294 2651 re-

225 2657 277 2687 bus
293 2659 350 2687 usui
366 2659 423 2689 esse
435 2660 597 2698 postumus,
616 2667 712 2696 parato
736 2659 891 2695 libentique
916 2659 1014 2688 animo
1036 2660 1292 2700 compensabimus.

225 2695 260 2725 In
287 2696 398 2735 reliquis
414 2699 497 2727 rebus
513 2706 630 2736 quarum
647 2697 821 2726 sciendarum
845 2697 941 2733 cupidi
963 2697 1044 2735 estis,
1062 2699 1112 2737 iis,
1131 2699 1231 2735 quibus
1247 2699 1295 2728 has

222 2734 341 2764 Litteras
355 2735 389 2765 ad
413 2745 464 2764 vos
485 2735 660 2774 perferendas
675 2735 824 2773 dedimus,
839 2734 926 2765 fidem
946 2736 1083 2767 tribuetis.
1120 2736 1217 2775 Deus,
1233 2737 1293 2768 &c.

226 2771 439 2804 Richmondiae
456 2783 494 2812 14
508 2775 582 2813 Aug.
600 2782 684 2811 1554.

526 2899 569 2931 D.
595 2896 677 2930 Gnll.
704 2897 785 2929 Duci
808 2899 994 2933 Mantuano.

224 2982 505 3038 EXcellentiffime
528 2982 575 3012 Pr.
595 2981 684 3012 Cons.
705 2983 738 3013 ὃ(
759 2981 795 3011 Α.
822 2983 881 3014 Ch.
900 2983 1087 3015 Reverendus
1109 2984 1150 3016 D.
1173 2985 1291 3023 Episco—

289 3032 339 3060 pus
357 3023 504 3060 Nolanus,
513 3021 621 3052 Orator
639 3020 749 3058 vester,
769 3021 873 3052 vestras
891 3024 924 3054 ὃ(
943 3032 1034 3062 gratas
1054 3024 1189 3061 Litteras,
1203 3026 1235 3055 &
1245 3027 1291 3063 ju-

224 3063 331 3092 cundas
351 3061 548 3097 gratulationes
566 3061 598 3092 <Sc
620 3061 709 3090 multa
727 3068 822 3097 optata
838 3061 954 3099 officia,
986 3061 1081 3092 vestro
1099 3073 1218 3093 nomine
1238 3073 1290 3094 no-

224 3102 268 3130 bis
286 3100 502 3137 repraesentavit.
539 3099 631 3139 Qiod
653 3098 763 3130 Vestrae
779 3098 962 3130 Excellentiae
981 3101 1009 3130 in
1028 3111 1081 3131 nos
1099 3101 1241 3140 studium,
1257 3103 1290 3133 δε

227 3149 309 3169 antea
326 3147 360 3168 ex
387 3139 515 3168 sermone
539 3138 692 3168 hominum
712 3137 796 3167 nobis
814 3140 990 3177 perspectum
1003 3162 1013 3177 ,
1046 3141 1079 3171 &
1099 3150 1177 3170 nunc
1191 3163 1201 3178 ,
1228 3151 1289 3171 non

227 3177 343 3218 Litteris
359 3176 453 3207 solum
472 3176 676 3216 significatum,
693 3176 740 3206 sed
759 3178 875 3215 proprio
893 3178 1291 3216 piaesentiqueNunciocon-

227 3220 384 3252 firmatum,
402 3224 536 3254 magnam
554 3216 639 3245 nobis
658 3215 836 3252 voluptatem
854 3218 1031 3255 apportavit,
1058 3217 1136 3254 cujus
1156 3217 1292 3255 Volupta-

230 3255 282 3296 tis,
299 3256 331 3284 &
351 3255 380 3283 in
397 3264 448 3284 vos
467 3254 589 3284 vicissim
607 3253 712 3284 nostrae
728 3253 879 3284 voluntatis
898 3254 1008 3284 sensum
1031 3264 1153 3286 ornnem
1173 3266 1243 3286 cuin
1260 3258 1291 3287 in

231 3291 294 3322 istas
311 3293 431 3322 Litteras
449 3293 590 3322 includere
608 3302 666 3322 non
685 3293 879 3331 potuerimus,
897 3293 956 3322 hoc
973 3294 1124 3328 negotium
1144 3293 1294 3326 Reveren-

233 3329 272 3359 do
293 3330 334 3360 D.
354 3331 499 3368 Episcopo
518 3330 638 3361 Nolano
655 3331 800 3360 voluimus
818 3331 988 3368 imponere,
1013 3332 1062 3367 qui
1081 3337 1117 3363 de
1135 3332 1234 3363 nostro
1251 3344 1295 3364 er-

231 3376 267 3406 ga
283 3378 333 3397 vos
352 3378 451 3399 mutuo
472 3369 583 3407 studio,
610 3369 703 3407 deque
720 3368 778 3398 aliis
797 3370 894 3406 rebus,
913 3379 976 3406 quae
998 3369 1048 3400 hic
1064 3380 1219 3410 geruntur,
1236 3372 1296 3410 ple·

233 3406 296 3437 nius
314 3416 413 3437 coram
430 3410 579 3439 enarrabit.
616 3407 715 3445 Deus,
731 3408 795 3438 &c.
830 3407 1042 3437 Richmondiae
1064 3417 1101 3446 14
1118 3411 1191 3448 Aug.
1213 3419 1298 3449 1554.

844 3482 947 3514 Vestra
968 3482 1185 3523 Consanguinea

1103 3561 1263 3593 Mami.

313 3685 481 3731 Clariffimae
504 3688 641 3734 ,Principi
675 3691 719 3722 D.
754 3690 945 3735 Margaretae
970 3689 1053 3721 Daca·
1075 3690 1232 3721 Mantua-

702 3749 759 3777 nae,
783 3741 849 3776 &c-

876 119 1359 164 EP1sT0LAE
1443 102 1803 177 MAR'IAE,

1341 206 1558 253 cellentiam,de
1574 208 1630 239 hac
1648 209 1752 247 triplici
1769 209 1854 240 nobis
1871 211 2045 250 gratificandi
2062 216 2186 253 ratione,
2204 213 2311 245 merito
2331 212 2403 245 faci-

1338 256 1417 285 mus,
1436 247 1482 291 l’iae
1501 246 1624 278 vrciffim
1642 247 1750 278 nostrae
1769 248 1885 279 Litterae
1901 252 1985 289 parce
2003 253 2037 284 &
2052 253 2231 291 verecunde,
2249 252 2402 290 ipsefi'dem

1338 285 1476 316 Nuncius
1495 285 1586 317 vester
1607 287 1717 324 prolixe
1735 287 1769 318 &
1787 289 1951 327 opportune
1969 314 1979 328 ,
2010 300 2110 323 mutua
2133 292 2229 323 nostra
2247 290 2356 321 Officia
2372 291 2404 320 li-

1337 324 1436 354 benter
1454 324 1488 355 &
1513 327 1653 364 perpetuo
1678 325 1869 358 declarabunt.
1907 325 2008 367 Deus,
2027 330 2090 361 &c.
2127 330 2346 368 Richmondiae,
2366 337 2403 368 14

1334 361 1411 401 Aug.
1432 371 1516 402 1554.

1926 418 2036 475 Vestra*
2048 442 2269 484 Consanguinea

2193 520 2362 554 MARIA.

1368 640 1567 686 Ornattffimae
1587 646 1721 692 Principt‘
1743 647 1789 680 D.
1810 649 1906 739 Am?
1931 646 2152 695 Marchiom‘ffae
2186 647 2370 693 Monfierra-

1829 706 1878 728 ten
1888 709 1908 732 l.

1333 777 1548 832 lLlustriffima
1567 779 1603 811 P.
1623 779 1737 812 Consan
1760 782 1843 812 uinea
1867 781 1962 812 nostra
1981 781 2163 813 Chariffima.
2200 781 2244 813 Ex
2265 781 2404 813 omnibus

1381 817 1494 862 Litteris
1507 819 1611 886 qpibus
1626 830 1712 858 quam
1727 831 1745 858 p
1759 821 1843 851 urimi
1866 818 2015 860 Principes
2028 822 2110 852 nobis
2131 819 2319 860 congratulati
2339 819 2401 850 sunt

1332 854 1458 893 Nuptias
1473 860 1522 887 nol
1538 867 1595 896 ras,
1614 869 1681 897 quas
1694 869 1761 889 cum
1776 860 1891 890 summo
1905 860 2040 898 Principe
2058 859 2192 890 Domino
2206 859 2400 898 Conjugeque

1330 894 1442 939 nostro·
1456 895 1623 928 chariffimo
1648 899 1866 936 conjunximus,
1903 898 1988 928 nullae
2009 899 2088 929 certe
2111 898 2145 928 ad
2170 898 2277 928 nostras
2298 906 2400 928 manus

1331 941 1507 978 acceptiores
1523 945 1730 974 pervenerunt,
1750 939 1836 975 quarn
1847 946 1910 976 quae
1929 936 2026 967 vestro
2049 938 2169 967 nomine
2185 938 2200 967 a
2223 936 2398 968 Reverendo

1331 970 1465 1015 Domino
1483 972 1628 1014 Episcopo
1646 975 1768 1006 Nolano
1787 975 1870 1006 nobis
1887 975 1997 1006 traditae
2019 976 2142 1006 fuerunt.
2187 975 2397 1013 Ampleffimur

1330 1018 1424 1049 itaque
1443 1012 1504 1043 hoc
1523 1012 1652 1044 vestrum
1672 1013 1816 1054 studium,
1830 1014 1864 1045 ὅ(
1883 1014 2014 1045 Vestram
2024 1014 2232 1045 Excellentiam
2249 1014 2285 1044 de
2299 1013 2395 1044 hocin

1335 1060 1389 1094 nos
1403 1059 1521 1093 amore,
1541 1052 1666 1083 multum
1681 1052 1806 1083 viciffim
1821 1062 1964 1084 amamus:
1988 1053 2020 1084 Id
2041 1053 2134 1093 quod,
2153 1061 2185 1083 ut
2207 1052 2320 1084 Litteris
2340 1062 2397 1083 no-

1333 1088 1394 1119 stris
1408 1089 1528 1133 libenter
1537 1099 1615 1121 nunc
1629 1091 1832 1131 significamus,
1850 1092 1888 1122 sic
1904 1091 2009 1123 officiis
2020 1091 2122 1122 nostris
2134 1091 2211 1121 idem
2226 1091 2397 1129 paratissime

1330 1127 1438 1165 semper
1454 1127 1654 1167 ostendemus,
1671 1131 1745 1160 cum
1760 1131 1843 1161 vobis
1856 1139 1903 1161 aut
1921 1130 2019 1161 vestris
2040 1131 2096 1162 ulla
2115 1131 2325 1161 commodandi
2345 1139 2398 1161 oc-

1332 1165 1408 1209 casio
1422 1165 1475 1195 sese
1491 1167 1581 1211 nobis
1593 1167 1741 1199 obtulerit.
1778 1168 1899 1206 Reliqua
1913 1178 1976 1207 quae
1990 1169 2027 1200 de
2042 1170 2128 1200 nobis
2142 1168 2297 1201 nostrisciue
2314 1169 2398 1199 rebus

1331 1204 1427 1234 audire
1447 1206 1550 1242 cupitis
1593 1216 1629 1237 ex
1651 1206 1736 1244 hujus
1755 1207 1882 1245 praesenti
1909 1207 2038 1238 sermone
2056 1207 2223 1239 'commode
2238 1204 2394 1247 accipietis.

1332 1242 1430 1280 Deus,
1449 1244 1512 1275 &c.
1548 1228 1771 1285 Richmondiae,
1781 1254 1819 1285 14
1831 1246 1951 1286 Augusti
1970 1255 2054 1287 1554.

1926 1325 2027 1358 Vestra
2044 1325 2264 1368 Consanguinea

2192 1407 2355 1441 Mariua.

1461 1539 1506 1571 D.
1531 1538 1660 1571 Herculi
1684 1540 1856 1586 Gonzagae,
1883 1537 2040 1572 cardinali
2066 1540 2254 1573 Mantuano.

1328 1622 1615 1692 REverentiffime
1643 1625 1672 1654 in
1702 1623 1822 1655 Christo
1852 1624 1953 1662 Pater,
1982 1624 2016 1655 &
2041 1623 2229 1656 Illustrissime
2249 1624 2395 1666 Princeps.

1412 1662 1507 1693 Tanta
1522 1662 1614 1693 vestra
1628 1662 1757 1699 voluptas
1773 1671 1904 1702 percepta
1918 1672 1954 1693 ex
1968 1663 2072 1693 nostris
2088 1663 2226 1703 Nuptiis,
2261 1674 2308 1695 uas
2323 1675 2395 1696 cum

1328 1698 1531 1731 Poreniiffimo
1547 1700 1700 1738 Principe,
1726 1701 1864 1732 Domino
1889 1700 2083 1740 conjugeque
2108 1701 2210 1732 nostro
2230 1712 2247 1732 c
2271 1703 2397 1734 ariffimo

1329 1740 1543 1777 conjunximus,
1553 1740 1713 1770 admodum
1731 1741 1814 1770 nobis
1824 1739 1952 1778 jucunda
1968 1741 2031 1771 fuit.
2070 1740 2224 1779 Quantum
2239 1741 2331 1780 itaque
2346 1752 2399 1773 nos

1331 1775 1494 1808 Mantuano
1514 1778 1644 1809 Nomini
1658 1787 1741 1816 atque
1756 1778 1885 1809 Familiae
1902 1779 2007 1810 merito
2021 1779 2178 1817 debemus,
2196 1780 2244 1817 qui
2259 1789 2398 1811 commu-

1329 1825 1365 1845 ne
1383 1816 1509 1847 vestrum
1525 1817 1680 1856 gaudium,
1699 1826 1748 1855 per
1764 1816 1890 1848 vestrum
1903 1826 2096 1848 communem
2118 1817 2154 1848 N
2156 1819 2275 1848 uncium
2297 1819 2396 1851 Reve-

1329 1855 1451 1885 rendum
1466 1856 1618 1886 Praesulem
1633 1854 1804 1894 Nolanum,
1823 1864 1880 1886 tam
1894 1856 1993 1893 paratis
2008 1856 2222 1896 conjunetisque
2231 1855 2329 1888 studiis
2343 1858 2397 1889 de-

1328 1892 1432 1936 clarare
1447 1894 1610 1932 volueritis,
1629 1896 1733 1924 mutuis
1751 1904 1804 1924 nos
1826 1895 1921 1932 potitis
1943 1894 2097 1933 aliquando
2113 1894 2308 1933 repraesentare
2327 1897 2397 1927 offi—

1329 1941 1398 1969 ciis,
1424 1942 1512 1970 quarn
1533 1941 1610 1963 nunc
1631 1931 1785 1971 significare
1806 1932 1920 1964 Litteris
1943 1934 2134 1963 maluerimus.
2175 1933 2395 1969 Quandocum—

1329 1979 1384 2009 que
1397 1971 1480 2010 igitur
1494 1980 1541 2002 aut
1557 1972 1643 2002 vobis
1655 1979 1786 2010 gratum,
1806 1979 1853 2002 aut
1868 1971 1964 2002 vestris
1980 1971 2176 2002 commodum
2197 1971 2291 2003 facere
2310 1982 2395 2011 pote-

1330 2011 1437 2048 rimus,
1447 2009 1625 2048 (opportuna
1639 2010 1724 2040 nobis
1739 2009 1774 2040 ad
1792 2010 1819 2040 id
1835 2009 1901 2040 data
1915 2010 2203 2046 occasione)libenter
2216 2010 2309 2042 sumus
2322 2021 2396 2050 prae-

1329 2047 1430 2078 stituri.
1469 2048 1604 2087 Reliquas
1624 2058 1665 2079 res
1686 2058 1750 2086 quae
1772 2048 1807 2079 ad
1830 2047 1919 2078 nostri
1943 2048 2040 2088 Regni
2057 2048 2160 2080 statum
2182 2050 2341 2088 pertinent,
2358 2050 2396 2082 ad

1327 2087 1498 2124 praesentetn
1521 2087 1681 2119 sermonem
1698 2086 1860 2117 Reverendi
1877 2086 2002 2117 Domini
2016 2086 2151 2126 Episcopi
2167 2087 2279 2119 Nolani
2301 2089 2395 2120 referi-

1328 2135 1400 2157 mus.
1438 2124 1538 2169 Deus,
1554 2127 1615 2159 &c.
1653 2125 2106 2166 Richmondiae‚14Aug.1554.

1934 2202 2036 2236 Vestra
2055 2202 2277 2244 Consanguinea

2188 2281 2357 2313 Minu,

1669 2406 1829 2440 Cardinali
1853 2405 2038 2440 Tridentino.

1331 2492 1618 2549 REverendisfime
1645 2493 1675 2523 in
1697 2491 1817 2523 Christo
1837 2491 1931 2530 Pater,
1948 2493 1982 2524 &
2010 2491 2044 2522 P.
2059 2490 2253 2524 Illustriffime.
2275 2491 2393 2523 Litteras

1411 2533 1510 2564 vestr-ae
1528 2542 1564 2571 14
1580 2531 1655 2562 Maii
1671 2531 1809 2561 Tridenti
1824 2532 1915 2569 datae,
1934 2531 2029 2561 multis
2044 2532 2222 2570 nominibus,
2230 2532 2314 2562 nobis
2330 2539 2395 2570 gra—

1331 2581 1369 2603 tae
1388 2574 1545 2603 extiterunt.
1583 2570 1727 2601 illustrem
1740 2571 1819 2600 enim
1837 2570 1905 2600 cum
1929 2579 2074 2607 perpetu-ae
2098 2569 2201 2600 vestrae
2222 2571 2252 2601 in
2280 2570 2393 2601 Domi-

1327 2621 1397 2641 num
1414 2610 1634 2649 conjugemque
1650 2608 1780 2639 nostrum
1806 2607 2000 2639 charissimum
2015 2608 2202 2639 observantiae
2219 2631 2230 2647 ,
2253 2617 2317 2639 tum
2338 2607 2394 2638 sm-

1326 2651 1426 2688 gularis
1441 2652 1472 2680 in
1490 2660 1543 2680 nos
1561 2657 1673 2687 quoque
1699 2646 1783 2678 studii
1807 2647 1840 2677 δε
1864 2647 2073 2678 benevolentiae
2092 2646 2330 2685 significationem
2352 2646 2394 2677 se-

1327 2698 1395 2719 cum
1419 2689 1592 2719 adferebant.
1638 2685 1736 2717 Vestra
1758 2694 1891 2724 praeterea
1912 2694 1972 2716 tam
1995 2694 2086 2728 parata
2107 2685 2258 2724 obsequia,
2282 2686 2392 2722 utrique

1328 2727 1493 2757 nostrorum
1510 2727 1548 2757 sic
1563 2725 1661 2756 oblata
1676 2725 1691 2754 a
1705 2725 1786 2755 vobis
1801 2733 1885 2762 atque
1899 2727 2054 2762 proposita,
2067 2732 2148 2763 grato
2167 2724 2283 2762 quidem
2297 2723 2331 2754 &
2346 2724 2392 2753 lu-

1329 2766 1408 2796 benti
1423 2766 1523 2796 animo
1538 2765 1708 2801 accipimus,
1743 2762 1841 2802 Itaque
1857 2772 1910 2800 pro
1924 2761 2018 2792 nostra
2032 2761 2154 2792 viciffim
2179 2763 2274 2800 parte',
2292 2761 2391 2792 sedulo

1327 2805 1508 2842 curabimus,
1523 2812 1559 2833 ne
1572 2802 1662 2832 vestra
1676 2810 1800 2840 unquam
1814 2799 2058 2831 Reverendiffima
2069 2799 2242 2831 Dominatio
2257 2800 2346 2838 magis
2361 2800 2394 2830 in

1327 2841 1514 2881 gratificando
1535 2849 1647 2881 parata,
1667 2841 1754 2877 quam
1778 2848 1830 2868 nos
1853 2839 1888 2869 ad
1907 2837 2152 2876 compensandum
2168 2837 2298 2877 propensi
2312 2839 2393 2869 inve-

1327 2882 1450 2911 niamur.
1488 2879 1527 2910 Et
1549 2889 1606 2918 ego
1632 2878 1744 2908 seorsim
1767 2876 1892 2907 multum
1915 2886 1963 2906 me
1985 2876 2085 2907 vesttae
2107 2875 2147 2907 D.
2162 2878 2266 2908 debere
2283 2877 2391 2915 fateor,

1326 2929 1380 2956 pro
1395 2929 1428 2949 ea
1444 2919 1618 2949 humanitate
1631 2915 1688 2956 qua
1707 2914 1795 2946 V.D.
1811 2914 2016 2946 Reverendum
2023 2914 2062 2945 C.
2072 2914 2194 2954 Polum,
2210 2914 2392 2954 Consangui—

1325 2967 1414 2987 neum
1430 2956 1564 2988 nostrum
1587 2953 1782 2987 charissimum
1796 2961 1855 2984 tam
1869 2954 1979 2992 prolixe
1993 2952 2215 2992 honorificeque
2237 2954 2391 2991 exceperit.

1327 2995 1419 3035 Qiod
1434 2995 1559 3026 vestrum
1577 2996 1606 3025 in
1620 2994 1700 3024 illum
1715 2991 1860 3031 studium,
1879 3002 1965 3030 qnam
1978 2993 2060 3022 nobis
2080 3000 2191 3031 gratum
2213 2991 2263 3030 fit,
2289 3001 2320 3022 re
2338 3001 2392 3029 po-

1326 3037 1378 3066 tius
1394 3035 1481 3072 quam
1498 3034 1609 3072 verbis,
1627 3031 1760 3063 libentius
1776 3031 1993 3064 declarabimus.
2030 3030 2079 3062 De
2094 3031 2206 3072 reliquis
2222 3031 2291 3063 vero
2305 3031 2390 3061 rebus

1327 3075 1388 3106 &c.
1426 3072 1645 3110 Richmondiae,
1666 3079 1703 3110 14
1719 3069 1841 3110 Augusti
1861 3078 1942 3109 ¹554·

1351 3198 1508 3233 Cardinali
1530 3201 1690 3245 Seguntino
1715 3200 1802 3231 Petro
1825 3194 1971 3240 Pacheco,
1996 3200 2029 3229 in
2051 3198 2149 3242 Regno
2168 3195 2366 3242 Mapolitano

1751 3247 1978 3293 Vicemgerenti.

1335 3332 1619 3393 REverendiffime
1636 3331 1719 3363 Pater
1736 3333 1770 3363 &
1785 3329 1969 3362 Illustriffime
1984 3329 2018 3360 P.
2035 3327 2152 3366 Quanta
2168 3327 2318 3367 prudentia
2358 3330 2392 3361 fi-

1414 3374 1468 3412 de,
1485 3382 1570 3410 atque
1585 3371 1737 3408 felicitate,
1755 3370 1892 3412 maximas
1905 3370 1990 3412 resin
2006 3367 2101 3411 ltalia,
2118 3377 2171 3406 pro
2187 3366 2317 3400 Caesarea
2325 3353 2393 3400 ivra-

1333 3411 1428 3449 jestate
1436 3411 1528 3442 vestra
1536 3408 1779 3441 Reverendiffima
1787 3408 1962 3450 Dominatio
1971 3415 2029 3444 Jam
2046 3406 2093 3436 diu
2108 3406 2281 3444 geffit‚saepe
2292 3417 2327 3438 ex
2335 3408 2393 3438 fre-

1336 3452 1434 3488 quenti
1456 3451 1613 3480 hominum
1636 3448 1768 3478 sermone
1787 3445 1983 3487 intelleximiiS.
2021 3444 2145 3481 Quanto
2166 3447 2238 3475 vero
2262 3446 2341 3476 cultu
2355 3447 2390 3477 &

1337 3487 1530 3525 observantia,
1548 3486 1640 3518 vestra
1652 3486 1738 3516 etiam
1754 3485 1794 3515 R.
1803 3483 1844 3514 D.
1853 3483 2020 3513 Dominum
2034 3493 2066 3513 ac
2082 3482 2248 3522 Conjugem
2261 3484 2394 3514 nostrum

1337 3527 1531 3558 charissimum
1549 3525 1744 3565 prosequitur3
1775 3529 1939 3561 quantoque
1960 3520 2052 3551 studio
2072 3522 2104 3552 &
2124 3522 2322 3552 benevolentia
2342 3532 2396 3552 nos

1339 3575 1428 3604 porro
1442 3564 1590 3601 observat,
1608 3572 1643 3593 ex
1659 3561 1773 3591 Litteris
1788 3560 1898 3598 vestris,
1916 3569 1984 3598 quas
2000 3558 2083 3590 nobis
2102 3558 2143 3590 D.
2167 3559 2267 3591 Petrus
2283 3559 2395 3591 Pache-

1340 3613 1391 3634 cus
1404 3603 1535 3640 tradidit,
1561 3599 1665 3639 magna
1679 3599 1796 3638 quidem
1817 3608 1887 3628 cum
1912 3599 2057 3635 voluptate
2077 3599 2279 3637 cognovimus.
2315 3598 2395 3630 Haec

1340 3643 1434 3678 itaque
1449 3640 1553 3677 vestra,
1570 3640 1604 3670 δε
1618 3637 1714 3668 officia
1729 3646 1907 3674 opportuna,
1930 3637 1962 3667 ὃς
1982 3636 2071 3666 studia
2092 3645 2185 3674 grata,
2210 3637 2243 3667 &
2259 3637 2397 3668 Nuncius

1342 3680 1426 3710 valde
1441 3686 1589 3718 acceptuS,
1609 3677 1643 3708 &
1661 3676 1778 3706 Litterae
1794 3675 1951 3706 admoddm
1966 3674 2103 3713 jucundae
2123 3675 2216 3705 nobis.
2253 3674 2310 3705 Pro
2331 3677 2397 3713 qui-

1343 3718 1399 3747 bus
1410 3717 1542 3757 singulis,
1559 3716 1658 3753 gratias
1674 3723 1789 3751 magnas
1802 3724 1855 3744 nos
1868 3723 1948 3744 nunc
1963 3714 2005 3743 his
2025 3712 2127 3743 nostris
2148 3713 2282 3751 Litteris,
2301 3713 2343 3743 D.
2359 3714 2394 3744 P.

1342 3754 1490 3786 Pachecus
1504 3754 1623 3792 praesens
1636 3752 1686 3783 suo
1704 3754 1849 3789 sermone,
1868 3754 1902 3784 &
1919 3760 1972 3781 nos
1985 3752 2071 3781 etiam
2093 3752 2124 3781 in
2148 3751 2311 3789 posterum,
2329 3761 2396 3783 mu-

1342 3794 1397 3824 tuis
1412 3793 1518 3824 officiis
1529 3792 1651 3822 libenter
1663 3791 1758 3821 sumus
1770 3791 1869 3821 aeturi.
1908 3789 1964 3820 Sed
1980 3789 2015 3819 de
2029 3788 2131 3819 nostro
2145 3790 2261 3826 animo,
2285 3789 2395 3821 nostra-

300 3820 1304 3870 LariffirnaP.ConsanguineanostraCliariffimaLJmtempore‚tripli-
1342 3841 1462 3871 rumque
1485 3839 1578 3860 ferum
1602 3828 1674 3860 statu
1691 3851 1701 3867 ,
1741 3830 1791 3860 hic
1813 3828 1934 3859 Nobilis
1955 3828 2006 3859 Vir
2033 3826 2132 3857 vestrae
2150 3826 2190 3856 R,
2213 3826 2254 3858 Ι),
2281 3826 2398 3859 Conso-

315 3874 342 3895 ci
359 3872 476 3899 ratione,
484 3860 574 3892 vestra
581 3858 752 3889 Excellentia
759 3869 864 3897 magna
871 3871 924 3890 nos
933 3860 1030 3892 affecit
1039 3861 1192 3899 voluptate.
1208 3860 1302 3892 ,Simul
1338 3872 1436 3901 brinus
1451 3893 1462 3908 ,
1499 3867 1586 3901 fufifis
1603 3867 1764 3901 declarabit,
1802 3862 1883 3900 Deus
1889 3888 1902 3905 ,
1921 3867 1982 3898 &c.
2019 3864 2250 3904 Richmondiae,
2268 3875 2304 3903 14
2321 3867 2397 3907 Aug.

246 3905 325 3935 enirn
344 3901 449 3933 vestras
467 3901 500 3931 &
516 3897 656 3936 jucundas
675 3897 816 3935 Litteras,
833 3901 867 3929 &
885 3908 1044 3937 pergratum
1064 3899 1240 3937 Nuncium,
1265 3901 1299 3931 δε

246 3951 341 3982 optata
358 3939 455 3983 officia
475 3938 648 3974 accepimus.
684 3934 719 3965 In
739 3935 981 3979 Litteris‘quidem
999 3936 1096 3968 vestris
1113 3938 1221 3969 summa
1240 3939 1298 3969 hu-

249 3982 367 4011 manitas
385 4001 395 4016 ,
420 3987 450 4007 m
466 3975 590 4006 Nuncio
610 3982 712 4012 magna
731 3974 893 4012 prudentia,
916 3976 944 4004 in
963 3975 1067 4006 officiis
1095 3975 1233 4014 singularis
1250 3986 1299 4006 ve-

250 4018 307 4051 stra
325 4015 519 4049 benevolentia
535 4013 588 4045 sese
602 4012 756 4051 indicavit.
793 4012 904 4050 Quanti
919 4014 1003 4052 igitur
1020 4023 1075 4046 nos
1106 4014 1227 4047 vestram
1241 4014 1299 4052 Ex-v

1342 3918 1426 3949 1554·

2333 4042 2400 4069 Car-
