<?xml version="1.0" encoding="UTF-8"?>
<!DOCTYPE html PUBLIC "-//W3C//DTD XHTML 1.0 Transitional//EN"
    "http://www.w3.org/TR/xhtml1/DTD/xhtml1-transitional.dtd">
<html xmlns="http://www.w3.org/1999/xhtml" xml:lang="en" lang="en">
 <head>
  <title>
</title>
<meta http-equiv="Content-Type" content="text/html;charset=utf-8" />
  <meta name='ocr-system' content='tesseract 3.04.00' />
  <meta name='ocr-capabilities' content='ocr_page ocr_carea ocr_par ocr_line ocrx_word'/>
</head>
<body>
  <div class='ocr_page' id='page_1' title='image "./fderaconventione09ryme/fderaconventione09ryme_0140.png"; bbox 0 0 2561 4263; ppageno 0'>
   <div class='ocr_carea' id='block_1_1' title="bbox 13 201 148 233">
    <p class='ocr_par' dir='ltr' id='par_1_1' title="bbox 13 201 148 233">
     <span class='ocr_line' id='line_1_1' title="bbox 13 201 148 233; baseline -0.022 0"><span class='ocrx_word' id='word_1_1' title='bbox 13 201 148 233; x_wconf 56' lang='lat' dir='ltr'>Anno.</span> 
     </span>
    </p>
   </div>
   <div class='ocr_carea' id='block_1_2' title="bbox 50 244 136 277">
    <p class='ocr_par' dir='ltr' id='par_1_2' title="bbox 50 244 136 277">
     <span class='ocr_line' id='line_1_2' title="bbox 50 244 136 277; baseline -0.023 -7"><span class='ocrx_word' id='word_1_2' title='bbox 50 244 136 277; x_wconf 79' lang='lat'>1636.</span> 
     </span>
    </p>
   </div>
   <div class='ocr_carea' id='block_1_3' title="bbox 22 284 139 308">
    <p class='ocr_par' dir='ltr' id='par_1_3' title="bbox 22 284 139 308">
     <span class='ocr_line' id='line_1_3' title="bbox 22 284 139 308; baseline -0.017 0"><span class='ocrx_word' id='word_1_3' title='bbox 22 284 75 308; x_wconf 67' lang='lat' dir='ltr'>Avi.</span> <span class='ocrx_word' id='word_1_4' title='bbox 97 290 139 306; x_wconf 82' lang='lat'>12.</span> 
     </span>
    </p>
   </div>
   <div class='ocr_carea' id='block_1_4' title="bbox 24 322 134 347">
    <p class='ocr_par' dir='ltr' id='par_1_4' title="bbox 24 322 134 347">
     <span class='ocr_line' id='line_1_4' title="bbox 24 322 134 347; baseline -0.018 -1"><span class='ocrx_word' id='word_1_5' title='bbox 24 322 91 347; x_wconf 75' lang='lat' dir='ltr'>Car.</span> <span class='ocrx_word' id='word_1_6' title='bbox 112 328 134 345; x_wconf 86' lang='lat'>1.</span> 
     </span>
    </p>
   </div>
   <div class='ocr_carea' id='block_1_5' title="bbox 23 1328 138 1403">
    <p class='ocr_par' dir='ltr' id='par_1_5' title="bbox 23 1328 138 1403">
     <span class='ocr_line' id='line_1_5' title="bbox 42 1328 138 1357; baseline -0.01 -2"><span class='ocrx_word' id='word_1_7' title='bbox 42 1328 138 1357; x_wconf 75' lang='lat' dir='ltr'><strong>‘XX.</strong></span> 
     </span>
     <span class='ocr_line' id='line_1_6' title="bbox 23 1376 70 1403; baseline -0.021 0"><span class='ocrx_word' id='word_1_8' title='bbox 23 1376 70 1403; x_wconf 87' lang='lat'>57-</span> 
     </span>
    </p>
   </div>
   <div class='ocr_carea' id='block_1_6' title="bbox 162 99 1240 168">
    <p class='ocr_par' dir='ltr' id='par_1_6' title="bbox 162 99 1240 168">
     <span class='ocr_line' id='line_1_7' title="bbox 162 99 1240 168; baseline -0.016 -11"><span class='ocrx_word' id='word_1_9' title='bbox 162 129 217 168; x_wconf 55' lang='grc' dir='ltr'><em>ῳ</em></span> <span class='ocrx_word' id='word_1_10' title='bbox 658 99 1240 151; x_wconf 82' lang='lat' dir='ltr'>CONVENTIO</span> 
     </span>
    </p>
   </div>
   <div class='ocr_carea' id='block_1_7' title="bbox 163 187 1242 1624">
    <p class='ocr_par' dir='ltr' id='par_1_7' title="bbox 163 187 1236 432">
     <span class='ocr_line' id='line_1_8' title="bbox 163 187 1232 239; baseline -0.012 -8"><span class='ocrx_word' id='word_1_11' title='bbox 163 202 238 239; x_wconf 82' lang='lat' dir='ltr'>tani,</span> <span class='ocrx_word' id='word_1_12' title='bbox 255 209 343 239; x_wconf 76' lang='lat' dir='ltr'>quam</span> <span class='ocrx_word' id='word_1_13' title='bbox 356 200 402 231; x_wconf 85' lang='lat' dir='ltr'>alii</span> <span class='ocrx_word' id='word_1_14' title='bbox 409 198 574 239; x_wconf 84' lang='lat' dir='ltr'>congregati</span> <span class='ocrx_word' id='word_1_15' title='bbox 586 195 698 234; x_wconf 84' lang='lat' dir='ltr'>Naves,</span> <span class='ocrx_word' id='word_1_16' title='bbox 711 197 744 228; x_wconf 92' lang='lat'>&amp;</span> <span class='ocrx_word' id='word_1_17' title='bbox 758 193 839 226; x_wconf 82' lang='lat' dir='ltr'>Bona</span> <span class='ocrx_word' id='word_1_18' title='bbox 847 203 879 224; x_wconf 88' lang='lat' dir='ltr'>ac</span> <span class='ocrx_word' id='word_1_19' title='bbox 889 191 1101 237; x_wconf 76' lang='lat' dir='ltr'>Mercimonia‚</span> <span class='ocrx_word' id='word_1_20' title='bbox 1119 198 1179 233; x_wconf 80' lang='lat' dir='ltr'>non</span> <span class='ocrx_word' id='word_1_21' title='bbox 1187 187 1232 219; x_wconf 91' lang='lat' dir='ltr'>so-</span> 
     </span>
     <span class='ocr_line' id='line_1_9' title="bbox 168 230 1233 273; baseline -0.013 -3"><span class='ocrx_word' id='word_1_22' title='bbox 168 241 230 270; x_wconf 88' lang='lat' dir='ltr'>lum</span> <span class='ocrx_word' id='word_1_23' title='bbox 247 240 434 270; x_wconf 83' lang='lat' dir='ltr'>Subditorum</span> <span class='ocrx_word' id='word_1_24' title='bbox 452 239 637 273; x_wconf 82' lang='lat' dir='ltr'>nostrorum,</span> <span class='ocrx_word' id='word_1_25' title='bbox 651 234 846 265; x_wconf 85' lang='lat' dir='ltr'>verumetiam</span> <span class='ocrx_word' id='word_1_26' title='bbox 855 231 1046 263; x_wconf 90' lang='lat' dir='ltr'>Subditorum</span> <span class='ocrx_word' id='word_1_27' title='bbox 1055 230 1233 272; x_wconf 76' lang='lat' dir='ltr'>Amicorum</span> 
     </span>
     <span class='ocr_line' id='line_1_10' title="bbox 172 264 1235 313; baseline -0.014 -4"><span class='ocrx_word' id='word_1_28' title='bbox 172 278 337 309; x_wconf 88' lang='lat' dir='ltr'>nostrorum</span> <span class='ocrx_word' id='word_1_29' title='bbox 351 279 380 308; x_wconf 87' lang='lat' dir='ltr'>in</span> <span class='ocrx_word' id='word_1_30' title='bbox 398 277 473 307; x_wconf 89' lang='lat' dir='ltr'>Mari</span> <span class='ocrx_word' id='word_1_31' title='bbox 483 299 492 313; x_wconf 80' lang='lat'>,</span> <span class='ocrx_word' id='word_1_32' title='bbox 510 276 587 312; x_wconf 89' lang='lat' dir='ltr'>quod</span> <span class='ocrx_word' id='word_1_33' title='bbox 598 283 646 311; x_wconf 90' lang='lat' dir='ltr'>per</span> <span class='ocrx_word' id='word_1_34' title='bbox 661 276 775 302; x_wconf 83' lang='lat' dir='ltr'><em>Gentem</em></span> <span class='ocrx_word' id='word_1_35' title='bbox 789 270 978 308; x_wconf 79' lang='lat' dir='ltr'>Anglicanmn</span> <span class='ocrx_word' id='word_1_36' title='bbox 991 270 1027 298; x_wconf 91' lang='lat' dir='ltr'>ab</span> <span class='ocrx_word' id='word_1_37' title='bbox 1040 267 1110 298; x_wconf 88' lang='lat' dir='ltr'>olim</span> <span class='ocrx_word' id='word_1_38' title='bbox 1119 264 1235 297; x_wconf 90' lang='lat' dir='ltr'>defendi</span> 
     </span>
     <span class='ocr_line' id='line_1_11' title="bbox 172 303 1236 354; baseline -0.015 -6"><span class='ocrx_word' id='word_1_39' title='bbox 172 316 336 354; x_wconf 84' lang='lat' dir='ltr'>consuevit,</span> <span class='ocrx_word' id='word_1_40' title='bbox 354 316 458 346; x_wconf 86' lang='lat' dir='ltr'>nefarie</span> <span class='ocrx_word' id='word_1_41' title='bbox 472 315 631 352; x_wconf 80' lang='lat' dir='ltr'>diripientes</span> <span class='ocrx_word' id='word_1_42' title='bbox 643 313 677 343; x_wconf 87' lang='lat'>&amp;</span> <span class='ocrx_word' id='word_1_43' title='bbox 691 311 857 349; x_wconf 76' lang='lat' dir='ltr'>spoliantes,</span> <span class='ocrx_word' id='word_1_44' title='bbox 875 319 908 339; x_wconf 80' lang='lat' dir='ltr'>ea</span> <span class='ocrx_word' id='word_1_45' title='bbox 927 308 961 338; x_wconf 90' lang='lat' dir='ltr'>ad</span> <span class='ocrx_word' id='word_1_46' title='bbox 975 307 1089 348; x_wconf 82' lang='lat' dir='ltr'>libitum</span> <span class='ocrx_word' id='word_1_47' title='bbox 1097 305 1177 348; x_wconf 72' lang='lat' dir='ltr'>suum</span> <span class='ocrx_word' id='word_1_48' title='bbox 1186 303 1236 333; x_wconf 65' lang='lat' dir='ltr'>de&gt;</span> 
     </span>
     <span class='ocr_line' id='line_1_12' title="bbox 173 346 1236 395; baseline -0.013 -10"><span class='ocrx_word' id='word_1_49' title='bbox 173 365 342 395; x_wconf 82' lang='lat' dir='ltr'>portavere,</span> <span class='ocrx_word' id='word_1_50' title='bbox 367 353 555 391; x_wconf 77' lang='lat' dir='ltr'>hominesque</span> <span class='ocrx_word' id='word_1_51' title='bbox 578 353 609 381; x_wconf 89' lang='lat' dir='ltr'>in</span> <span class='ocrx_word' id='word_1_52' title='bbox 637 351 742 380; x_wconf 89' lang='lat' dir='ltr'>eisdem</span> <span class='ocrx_word' id='word_1_53' title='bbox 762 350 791 378; x_wconf 89' lang='lat' dir='ltr'>in</span> <span class='ocrx_word' id='word_1_54' title='bbox 818 347 1023 385; x_wconf 78' lang='lat' dir='ltr'>Captivitatem</span> <span class='ocrx_word' id='word_1_55' title='bbox 1050 346 1236 373; x_wconf 85' lang='lat' dir='ltr'>milerrimam</span> 
     </span>
     <span class='ocr_line' id='line_1_13' title="bbox 179 396 382 432; baseline -0.01 -7"><span class='ocrx_word' id='word_1_56' title='bbox 179 396 382 432; x_wconf 82' lang='lat' dir='ltr'>mancipantes.</span> 
     </span>
    </p>

    <p class='ocr_par' dir='ltr' id='par_1_8' title="bbox 175 416 1242 697">
     <span class='ocr_line' id='line_1_14' title="bbox 213 416 1241 470; baseline -0.017 -7"><span class='ocrx_word' id='word_1_57' title='bbox 213 433 352 470; x_wconf 85' lang='lat' dir='ltr'>Cumque</span> <span class='ocrx_word' id='word_1_58' title='bbox 361 430 431 469; x_wconf 84' lang='lat' dir='ltr'>ipsos</span> <span class='ocrx_word' id='word_1_59' title='bbox 443 429 635 468; x_wconf 83' lang='lat' dir='ltr'>conspicimus</span> <span class='ocrx_word' id='word_1_60' title='bbox 645 426 807 464; x_wconf 84' lang='lat' dir='ltr'>Navigium</span> <span class='ocrx_word' id='word_1_61' title='bbox 821 423 907 454; x_wconf 89' lang='lat' dir='ltr'>indies</span> <span class='ocrx_word' id='word_1_62' title='bbox 918 428 1094 462; x_wconf 77' lang='lat' dir='ltr'>preparantes</span> <span class='ocrx_word' id='word_1_63' title='bbox 1106 418 1141 449; x_wconf 84' lang='lat' dir='ltr'>ad</span> <span class='ocrx_word' id='word_1_64' title='bbox 1159 416 1241 461; x_wconf 82' lang='lat' dir='ltr'>Mer-</span> 
     </span>
     <span class='ocr_line' id='line_1_15' title="bbox 175 456 1240 503; baseline -0.016 0"><span class='ocrx_word' id='word_1_65' title='bbox 175 481 288 503; x_wconf 86' lang='lat' dir='ltr'>catores</span> <span class='ocrx_word' id='word_1_66' title='bbox 306 470 417 501; x_wconf 86' lang='lat' dir='ltr'>nostros</span> <span class='ocrx_word' id='word_1_67' title='bbox 433 469 545 498; x_wconf 87' lang='lat' dir='ltr'>ulterius</span> <span class='ocrx_word' id='word_1_68' title='bbox 562 465 774 497; x_wconf 82' lang='lat' dir='ltr'>molestandum</span> <span class='ocrx_word' id='word_1_69' title='bbox 788 463 969 499; x_wconf 83' lang='lat' dir='ltr'>&amp;Regnum</span> <span class='ocrx_word' id='word_1_70' title='bbox 985 456 1240 503; x_wconf 78' lang='lat' dir='ltr'>gravandum‚nisi</span> 
     </span>
     <span class='ocr_line' id='line_1_16' title="bbox 177 497 1242 545; baseline -0.016 -4"><span class='ocrx_word' id='word_1_71' title='bbox 177 512 261 543; x_wconf 82' lang='lat' dir='ltr'>citius</span> <span class='ocrx_word' id='word_1_72' title='bbox 284 509 446 539; x_wconf 89' lang='lat' dir='ltr'>remedium</span> <span class='ocrx_word' id='word_1_73' title='bbox 465 515 638 545; x_wconf 82' lang='lat' dir='ltr'>apponatur,</span> <span class='ocrx_word' id='word_1_74' title='bbox 662 511 817 539; x_wconf 81' lang='lat' dir='ltr'>eorumque</span> <span class='ocrx_word' id='word_1_75' title='bbox 835 501 949 531; x_wconf 89' lang='lat' dir='ltr'>conatui</span> <span class='ocrx_word' id='word_1_76' title='bbox 967 498 1072 541; x_wconf 81' lang='lat' dir='ltr'>virilius</span> <span class='ocrx_word' id='word_1_77' title='bbox 1088 497 1242 538; x_wconf 74' lang='lat' dir='ltr'>obvrctur3</span> 
     </span>
     <span class='ocr_line' id='line_1_17' title="bbox 178 538 1241 582; baseline -0.016 -2"><span class='ocrx_word' id='word_1_78' title='bbox 178 549 370 580; x_wconf 77' lang='lat' dir='ltr'>Consideratis</span> <span class='ocrx_word' id='word_1_79' title='bbox 395 547 478 576; x_wconf 79' lang='lat' dir='ltr'>etiam</span> <span class='ocrx_word' id='word_1_80' title='bbox 503 544 633 582; x_wconf 85' lang='lat' dir='ltr'>periculis</span> <span class='ocrx_word' id='word_1_81' title='bbox 656 551 710 579; x_wconf 76' lang='lat' dir='ltr'>que</span> <span class='ocrx_word' id='word_1_82' title='bbox 729 540 856 577; x_wconf 87' lang='lat' dir='ltr'>undique</span> <span class='ocrx_word' id='word_1_83' title='bbox 880 538 924 569; x_wconf 88' lang='lat' dir='ltr'>his</span> <span class='ocrx_word' id='word_1_84' title='bbox 945 538 1082 576; x_wconf 83' lang='lat' dir='ltr'>guerrinis</span> <span class='ocrx_word' id='word_1_85' title='bbox 1101 543 1241 571; x_wconf 86' lang='lat' dir='ltr'>tempori-</span> 
     </span>
     <span class='ocr_line' id='line_1_18' title="bbox 179 572 1242 622; baseline -0.016 -3"><span class='ocrx_word' id='word_1_86' title='bbox 179 589 235 619; x_wconf 88' lang='lat' dir='ltr'>bus</span> <span class='ocrx_word' id='word_1_87' title='bbox 248 589 419 622; x_wconf 84' lang='lat' dir='ltr'>imminent,</span> <span class='ocrx_word' id='word_1_88' title='bbox 436 585 473 613; x_wconf 91' lang='lat' dir='ltr'>ita</span> <span class='ocrx_word' id='word_1_89' title='bbox 488 584 566 620; x_wconf 92' lang='lat' dir='ltr'>quod</span> <span class='ocrx_word' id='word_1_90' title='bbox 582 579 835 611; x_wconf 86' lang='lat' dir='ltr'>nobis&amp;Subditis</span> <span class='ocrx_word' id='word_1_91' title='bbox 852 577 954 608; x_wconf 88' lang='lat' dir='ltr'>nostris</span> <span class='ocrx_word' id='word_1_92' title='bbox 968 575 1165 606; x_wconf 88' lang='lat' dir='ltr'>defensionem</span> <span class='ocrx_word' id='word_1_93' title='bbox 1173 572 1242 602; x_wconf 88' lang='lat' dir='ltr'>Ma-</span> 
     </span>
     <span class='ocr_line' id='line_1_19' title="bbox 180 613 1241 663; baseline -0.015 -6"><span class='ocrx_word' id='word_1_94' title='bbox 180 629 217 657; x_wconf 86' lang='lat' dir='ltr'>ris</span> <span class='ocrx_word' id='word_1_95' title='bbox 231 627 263 656; x_wconf 88' lang='lat'>&amp;</span> <span class='ocrx_word' id='word_1_96' title='bbox 280 625 374 663; x_wconf 83' lang='lat' dir='ltr'>Regni</span> <span class='ocrx_word' id='word_1_97' title='bbox 396 623 479 653; x_wconf 90' lang='lat' dir='ltr'>omni</span> <span class='ocrx_word' id='word_1_98' title='bbox 496 620 678 651; x_wconf 87' lang='lat' dir='ltr'>festinatione</span> <span class='ocrx_word' id='word_1_99' title='bbox 702 627 757 656; x_wconf 84' lang='lat' dir='ltr'>qua</span> <span class='ocrx_word' id='word_1_100' title='bbox 778 617 935 655; x_wconf 85' lang='lat' dir='ltr'>poterimus</span> <span class='ocrx_word' id='word_1_101' title='bbox 950 637 961 653; x_wconf 90' lang='lat'>,</span> <span class='ocrx_word' id='word_1_102' title='bbox 988 613 1144 645; x_wconf 87' lang='lat' dir='ltr'>accelerare</span> <span class='ocrx_word' id='word_1_103' title='bbox 1168 621 1241 642; x_wconf 92' lang='lat' dir='ltr'>con-</span> 
     </span>
     <span class='ocr_line' id='line_1_20' title="bbox 179 673 269 697; baseline -0.044 0"><span class='ocrx_word' id='word_1_104' title='bbox 179 673 269 697; x_wconf 75' lang='lat' dir='ltr'>velut.</span> 
     </span>
    </p>

    <p class='ocr_par' dir='ltr' id='par_1_9' title="bbox 171 687 1240 1591">
     <span class='ocr_line' id='line_1_21' title="bbox 218 687 1239 734; baseline -0.013 -3"><span class='ocrx_word' id='word_1_105' title='bbox 218 703 286 733; x_wconf 89' lang='lat' dir='ltr'>Nos</span> <span class='ocrx_word' id='word_1_106' title='bbox 308 699 434 730; x_wconf 84' lang='lat' dir='ltr'>volentes</span> <span class='ocrx_word' id='word_1_107' title='bbox 450 697 606 728; x_wconf 85' lang='lat' dir='ltr'>defensioni</span> <span class='ocrx_word' id='word_1_108' title='bbox 620 695 736 734; x_wconf 83' lang='lat' dir='ltr'>Regni,</span> <span class='ocrx_word' id='word_1_109' title='bbox 754 695 869 725; x_wconf 81' lang='lat' dir='ltr'>tuitioni</span> <span class='ocrx_word' id='word_1_110' title='bbox 886 692 988 729; x_wconf 87' lang='lat' dir='ltr'>Maris,</span> <span class='ocrx_word' id='word_1_111' title='bbox 1007 690 1148 723; x_wconf 85' lang='lat' dir='ltr'>securitati</span> <span class='ocrx_word' id='word_1_112' title='bbox 1166 687 1239 732; x_wconf 73' lang='lat' dir='ltr'>Sub-</span> 
     </span>
     <span class='ocr_line' id='line_1_22' title="bbox 179 727 1240 774; baseline -0.016 -2"><span class='ocrx_word' id='word_1_113' title='bbox 179 742 306 772; x_wconf 88' lang='lat' dir='ltr'>ditorum</span> <span class='ocrx_word' id='word_1_114' title='bbox 321 737 483 769; x_wconf 81' lang='lat' dir='ltr'>nostrorum</span> <span class='ocrx_word' id='word_1_115' title='bbox 493 760 503 774; x_wconf 91' lang='lat'>,</span> <span class='ocrx_word' id='word_1_116' title='bbox 523 736 596 766; x_wconf 88' lang='lat' dir='ltr'>salve</span> <span class='ocrx_word' id='word_1_117' title='bbox 608 733 799 765; x_wconf 64' lang='lat' dir='ltr'>conduffioni</span> <span class='ocrx_word' id='word_1_118' title='bbox 815 732 947 762; x_wconf 87' lang='lat' dir='ltr'>Navium</span> <span class='ocrx_word' id='word_1_119' title='bbox 967 732 1000 761; x_wconf 89' lang='lat'>&amp;</span> <span class='ocrx_word' id='word_1_120' title='bbox 1019 727 1240 760; x_wconf 82' lang='lat' dir='ltr'>Merchandiza-</span> 
     </span>
     <span class='ocr_line' id='line_1_23' title="bbox 178 765 1240 815; baseline -0.013 -6"><span class='ocrx_word' id='word_1_121' title='bbox 178 790 243 810; x_wconf 88' lang='lat' dir='ltr'>rum</span> <span class='ocrx_word' id='word_1_122' title='bbox 259 778 293 808; x_wconf 84' lang='lat' dir='ltr'>ad</span> <span class='ocrx_word' id='word_1_123' title='bbox 315 777 451 815; x_wconf 80' lang='lat' dir='ltr'>Regnum</span> <span class='ocrx_word' id='word_1_124' title='bbox 467 774 597 805; x_wconf 89' lang='lat' dir='ltr'>nostrum</span> <span class='ocrx_word' id='word_1_125' title='bbox 613 771 719 810; x_wconf 80' lang='lat' dir='ltr'>Anglie</span> <span class='ocrx_word' id='word_1_126' title='bbox 733 771 911 802; x_wconf 89' lang='lat' dir='ltr'>venientium</span> <span class='ocrx_word' id='word_1_127' title='bbox 923 793 932 807; x_wconf 81' lang='lat'>,</span> <span class='ocrx_word' id='word_1_128' title='bbox 951 770 983 800; x_wconf 74' lang='grc' dir='ltr'>δε</span> <span class='ocrx_word' id='word_1_129' title='bbox 1000 769 1036 798; x_wconf 89' lang='lat' dir='ltr'>de</span> <span class='ocrx_word' id='word_1_130' title='bbox 1056 768 1158 811; x_wconf 81' lang='lat' dir='ltr'>eodem</span> <span class='ocrx_word' id='word_1_131' title='bbox 1177 765 1240 796; x_wconf 82' lang='lat' dir='ltr'>Re-</span> 
     </span>
     <span class='ocr_line' id='line_1_24' title="bbox 176 806 1240 857; baseline -0.014 -9"><span class='ocrx_word' id='word_1_132' title='bbox 176 827 237 857; x_wconf 85' lang='lat' dir='ltr'>gno</span> <span class='ocrx_word' id='word_1_133' title='bbox 256 817 289 847; x_wconf 85' lang='lat' dir='ltr'>ad</span> <span class='ocrx_word' id='word_1_134' title='bbox 308 824 394 853; x_wconf 78' lang='lat' dir='ltr'>partes</span> <span class='ocrx_word' id='word_1_135' title='bbox 407 822 513 844; x_wconf 79' lang='lat' dir='ltr'>exteras</span> <span class='ocrx_word' id='word_1_136' title='bbox 526 812 728 843; x_wconf 82' lang='lat' dir='ltr'>transeuntium</span> <span class='ocrx_word' id='word_1_137' title='bbox 749 809 908 842; x_wconf 77' lang='lat' dir='ltr'>(auxiliante</span> <span class='ocrx_word' id='word_1_138' title='bbox 921 808 1001 843; x_wconf 87' lang='lat' dir='ltr'>Deo)</span> <span class='ocrx_word' id='word_1_139' title='bbox 1021 806 1169 845; x_wconf 60' lang='lat' dir='ltr'>pror-idere</span> <span class='ocrx_word' id='word_1_140' title='bbox 1179 814 1240 834; x_wconf 86' lang='lat' dir='ltr'>ma-</span> 
     </span>
     <span class='ocr_line' id='line_1_25' title="bbox 176 842 1239 890; baseline -0.013 -4"><span class='ocrx_word' id='word_1_141' title='bbox 176 859 253 887; x_wconf 85' lang='lat' dir='ltr'>xime</span> <span class='ocrx_word' id='word_1_142' title='bbox 271 864 340 884; x_wconf 80' lang='lat' dir='ltr'>cum</span> <span class='ocrx_word' id='word_1_143' title='bbox 357 852 425 883; x_wconf 91' lang='lat' dir='ltr'>Nos</span> <span class='ocrx_word' id='word_1_144' title='bbox 440 853 473 883; x_wconf 88' lang='lat'>&amp;</span> <span class='ocrx_word' id='word_1_145' title='bbox 490 852 689 890; x_wconf 78' lang='lat' dir='ltr'>progenitores</span> <span class='ocrx_word' id='word_1_146' title='bbox 705 849 795 880; x_wconf 83' lang='lat' dir='ltr'>nostri</span> <span class='ocrx_word' id='word_1_147' title='bbox 815 847 908 888; x_wconf 83' lang='lat' dir='ltr'>Reges</span> <span class='ocrx_word' id='word_1_148' title='bbox 926 845 1029 883; x_wconf 78' lang='lat' dir='ltr'>Anglie</span> <span class='ocrx_word' id='word_1_149' title='bbox 1037 845 1162 875; x_wconf 85' lang='lat' dir='ltr'>Domini</span> <span class='ocrx_word' id='word_1_150' title='bbox 1172 842 1239 872; x_wconf 86' lang='lat' dir='ltr'>Ma-</span> 
     </span>
     <span class='ocr_line' id='line_1_26' title="bbox 177 882 1240 931; baseline -0.013 -7"><span class='ocrx_word' id='word_1_151' title='bbox 177 897 213 926; x_wconf 82' lang='lat' dir='ltr'>ris</span> <span class='ocrx_word' id='word_1_152' title='bbox 231 893 349 931; x_wconf 72' lang='lat' dir='ltr'>prediffi</span> <span class='ocrx_word' id='word_1_153' title='bbox 365 894 473 928; x_wconf 80' lang='lat' dir='ltr'>(emper</span> <span class='ocrx_word' id='word_1_154' title='bbox 489 891 626 921; x_wconf 66' lang='lat' dir='ltr'>hactenus</span> <span class='ocrx_word' id='word_1_155' title='bbox 639 889 812 924; x_wconf 84' lang='lat' dir='ltr'>exriterunt,</span> <span class='ocrx_word' id='word_1_156' title='bbox 827 887 860 916; x_wconf 90' lang='lat'>&amp;</span> <span class='ocrx_word' id='word_1_157' title='bbox 876 886 1032 923; x_wconf 90' lang='lat' dir='ltr'>plurimum</span> <span class='ocrx_word' id='word_1_158' title='bbox 1046 883 1114 913; x_wconf 87' lang='lat' dir='ltr'>Nos</span> <span class='ocrx_word' id='word_1_159' title='bbox 1126 882 1240 912; x_wconf 79' lang='lat' dir='ltr'>taederet</span> 
     </span>
     <span class='ocr_line' id='line_1_27' title="bbox 176 920 1236 968; baseline -0.013 -5"><span class='ocrx_word' id='word_1_160' title='bbox 176 934 196 965; x_wconf 84' lang='lat' dir='ltr'>si</span> <span class='ocrx_word' id='word_1_161' title='bbox 211 934 307 962; x_wconf 85' lang='lat' dir='ltr'>honor</span> <span class='ocrx_word' id='word_1_162' title='bbox 319 930 371 962; x_wconf 84' lang='lat' dir='ltr'>iste</span> <span class='ocrx_word' id='word_1_163' title='bbox 389 929 497 968; x_wconf 83' lang='lat' dir='ltr'>Regius</span> <span class='ocrx_word' id='word_1_164' title='bbox 515 927 614 959; x_wconf 89' lang='lat' dir='ltr'>nostris</span> <span class='ocrx_word' id='word_1_165' title='bbox 627 926 805 964; x_wconf 81' lang='lat' dir='ltr'>temporibus</span> <span class='ocrx_word' id='word_1_166' title='bbox 817 925 948 961; x_wconf 84' lang='lat' dir='ltr'>depereat</span> <span class='ocrx_word' id='word_1_167' title='bbox 963 932 1009 953; x_wconf 86' lang='lat' dir='ltr'>aut</span> <span class='ocrx_word' id='word_1_168' title='bbox 1024 924 1052 952; x_wconf 91' lang='lat' dir='ltr'>in</span> <span class='ocrx_word' id='word_1_169' title='bbox 1069 922 1166 959; x_wconf 88' lang='lat' dir='ltr'>aliquo</span> <span class='ocrx_word' id='word_1_170' title='bbox 1183 920 1236 950; x_wconf 80' lang='lat' dir='ltr'>mi-</span> 
     </span>
     <span class='ocr_line' id='line_1_28' title="bbox 175 960 1237 1008; baseline -0.012 -7"><span class='ocrx_word' id='word_1_171' title='bbox 175 980 294 1008; x_wconf 70' lang='lat' dir='ltr'>nuatur,</span> <span class='ocrx_word' id='word_1_172' title='bbox 314 969 450 1007; x_wconf 82' lang='lat' dir='ltr'>Cumque</span> <span class='ocrx_word' id='word_1_173' title='bbox 470 967 555 998; x_wconf 90' lang='lat' dir='ltr'>Onus</span> <span class='ocrx_word' id='word_1_174' title='bbox 578 966 650 996; x_wconf 84' lang='lat' dir='ltr'>istud</span> <span class='ocrx_word' id='word_1_175' title='bbox 674 964 842 996; x_wconf 85' lang='lat' dir='ltr'>defensionis</span> <span class='ocrx_word' id='word_1_176' title='bbox 859 961 938 1001; x_wconf 89' lang='lat' dir='ltr'>quod</span> <span class='ocrx_word' id='word_1_177' title='bbox 961 970 1062 991; x_wconf 89' lang='lat' dir='ltr'>omnes</span> <span class='ocrx_word' id='word_1_178' title='bbox 1080 960 1169 999; x_wconf 85' lang='lat' dir='ltr'>tangit</span> <span class='ocrx_word' id='word_1_179' title='bbox 1188 968 1237 998; x_wconf 88' lang='lat' dir='ltr'>per</span> 
     </span>
     <span class='ocr_line' id='line_1_29' title="bbox 173 999 1236 1045; baseline -0.013 -4"><span class='ocrx_word' id='word_1_180' title='bbox 173 1020 278 1041; x_wconf 88' lang='lat' dir='ltr'>omnes</span> <span class='ocrx_word' id='word_1_181' title='bbox 301 1009 403 1039; x_wconf 83' lang='lat' dir='ltr'>debeat</span> <span class='ocrx_word' id='word_1_182' title='bbox 421 1006 590 1045; x_wconf 88' lang='lat' dir='ltr'>supportari,</span> <span class='ocrx_word' id='word_1_183' title='bbox 619 1012 703 1040; x_wconf 81' lang='lat' dir='ltr'>prout</span> <span class='ocrx_word' id='word_1_184' title='bbox 723 1013 772 1040; x_wconf 91' lang='lat' dir='ltr'>per</span> <span class='ocrx_word' id='word_1_185' title='bbox 798 1003 906 1040; x_wconf 84' lang='lat' dir='ltr'>Legem</span> <span class='ocrx_word' id='word_1_186' title='bbox 934 1001 967 1030; x_wconf 90' lang='lat'>&amp;</span> <span class='ocrx_word' id='word_1_187' title='bbox 991 999 1236 1031; x_wconf 82' lang='lat' dir='ltr'>Consuetudinem</span> 
     </span>
     <span class='ocr_line' id='line_1_30' title="bbox 175 1036 1238 1086; baseline -0.013 -7"><span class='ocrx_word' id='word_1_188' title='bbox 175 1048 274 1086; x_wconf 75' lang='lat' dir='ltr'>Regni</span> <span class='ocrx_word' id='word_1_189' title='bbox 286 1047 389 1083; x_wconf 82' lang='lat' dir='ltr'>Anglie</span> <span class='ocrx_word' id='word_1_190' title='bbox 400 1044 659 1081; x_wconf 77' lang='lat' dir='ltr'>fiericonsueverit3</span> <span class='ocrx_word' id='word_1_191' title='bbox 675 1042 767 1073; x_wconf 82' lang='lat' dir='ltr'>Vobis</span> <span class='ocrx_word' id='word_1_192' title='bbox 776 1041 885 1078; x_wconf 83' lang='lat' dir='ltr'>prefatis</span> <span class='ocrx_word' id='word_1_193' title='bbox 898 1038 1148 1075; x_wconf 78' lang='lat' dir='ltr'>vicecomitibus,</span> <span class='ocrx_word' id='word_1_194' title='bbox 1168 1036 1238 1067; x_wconf 89' lang='lat' dir='ltr'>Ma-</span> 
     </span>
     <span class='ocr_line' id='line_1_31' title="bbox 171 1077 1237 1125; baseline -0.01 -9"><span class='ocrx_word' id='word_1_195' title='bbox 171 1088 301 1125; x_wconf 80' lang='lat' dir='ltr'>joribus,</span> <span class='ocrx_word' id='word_1_196' title='bbox 326 1085 451 1122; x_wconf 80' lang='lat' dir='ltr'>Ballivis,</span> <span class='ocrx_word' id='word_1_197' title='bbox 474 1083 689 1118; x_wconf 81' lang='lat' dir='ltr'>Aldermannis‚</span> <span class='ocrx_word' id='word_1_198' title='bbox 714 1079 920 1119; x_wconf 87' lang='lat' dir='ltr'>Burgensibus,</span> <span class='ocrx_word' id='word_1_199' title='bbox 939 1078 1035 1115; x_wconf 85' lang='lat' dir='ltr'>probis</span> <span class='ocrx_word' id='word_1_200' title='bbox 1052 1077 1237 1113; x_wconf 84' lang='lat' dir='ltr'>hominibus,</span> 
     </span>
     <span class='ocr_line' id='line_1_32' title="bbox 173 1114 1236 1160; baseline -0.013 -3"><span class='ocrx_word' id='word_1_201' title='bbox 173 1127 207 1157; x_wconf 75' lang='grc' dir='ltr'>δε</span> <span class='ocrx_word' id='word_1_202' title='bbox 229 1125 364 1155; x_wconf 89' lang='lat' dir='ltr'>omnibus</span> <span class='ocrx_word' id='word_1_203' title='bbox 385 1123 442 1153; x_wconf 89' lang='lat' dir='ltr'>aliis</span> <span class='ocrx_word' id='word_1_204' title='bbox 465 1122 681 1160; x_wconf 80' lang='lat' dir='ltr'>quibuscunque</span> <span class='ocrx_word' id='word_1_205' title='bbox 698 1119 778 1157; x_wconf 87' lang='lat' dir='ltr'>supra</span> <span class='ocrx_word' id='word_1_206' title='bbox 804 1117 985 1147; x_wconf 82' lang='lat' dir='ltr'>mentionatis</span> <span class='ocrx_word' id='word_1_207' title='bbox 1006 1115 1104 1153; x_wconf 82' lang='lat' dir='ltr'>Villis,</span> <span class='ocrx_word' id='word_1_208' title='bbox 1124 1114 1236 1153; x_wconf 83' lang='lat' dir='ltr'>Burgis,</span> 
     </span>
     <span class='ocr_line' id='line_1_33' title="bbox 174 1152 1238 1201; baseline -0.012 -6"><span class='ocrx_word' id='word_1_209' title='bbox 174 1163 305 1201; x_wconf 72' lang='lat' dir='ltr'>Villatis,</span> <span class='ocrx_word' id='word_1_210' title='bbox 322 1160 492 1198; x_wconf 83' lang='lat' dir='ltr'>Hamlettis,</span> <span class='ocrx_word' id='word_1_211' title='bbox 510 1162 543 1192; x_wconf 89' lang='lat'>&amp;</span> <span class='ocrx_word' id='word_1_212' title='bbox 557 1160 627 1189; x_wconf 90' lang='lat' dir='ltr'>locis</span> <span class='ocrx_word' id='word_1_213' title='bbox 638 1159 721 1196; x_wconf 79' lang='lat' dir='ltr'>supra</span> <span class='ocrx_word' id='word_1_214' title='bbox 735 1157 819 1187; x_wconf 71' lang='lat' dir='ltr'>dictis</span> <span class='ocrx_word' id='word_1_215' title='bbox 834 1163 995 1192; x_wconf 89' lang='lat' dir='ltr'>eorumque</span> <span class='ocrx_word' id='word_1_216' title='bbox 1007 1155 1146 1184; x_wconf 84' lang='lat' dir='ltr'>membris</span> <span class='ocrx_word' id='word_1_217' title='bbox 1162 1154 1192 1183; x_wconf 92' lang='lat' dir='ltr'>in</span> <span class='ocrx_word' id='word_1_218' title='bbox 1203 1152 1238 1182; x_wconf 85' lang='lat' dir='ltr'>si-</span> 
     </span>
     <span class='ocr_line' id='line_1_34' title="bbox 174 1191 1236 1241; baseline -0.012 -8"><span class='ocrx_word' id='word_1_219' title='bbox 174 1202 210 1233; x_wconf 92' lang='lat' dir='ltr'>de</span> <span class='ocrx_word' id='word_1_220' title='bbox 226 1205 260 1233; x_wconf 89' lang='lat'>&amp;</span> <span class='ocrx_word' id='word_1_221' title='bbox 276 1202 422 1241; x_wconf 83' lang='lat' dir='ltr'>ligeantia,</span> <span class='ocrx_word' id='word_1_222' title='bbox 440 1200 542 1238; x_wconf 89' lang='lat' dir='ltr'>quibus</span> <span class='ocrx_word' id='word_1_223' title='bbox 551 1197 650 1229; x_wconf 88' lang='lat' dir='ltr'>Nobis</span> <span class='ocrx_word' id='word_1_224' title='bbox 663 1196 816 1232; x_wconf 88' lang='lat' dir='ltr'>tenemini,</span> <span class='ocrx_word' id='word_1_225' title='bbox 836 1194 870 1224; x_wconf 64' lang='grc' dir='ltr'>ὃς</span> <span class='ocrx_word' id='word_1_226' title='bbox 885 1195 956 1224; x_wconf 84' lang='lat' dir='ltr'>licut</span> <span class='ocrx_word' id='word_1_227' title='bbox 964 1191 1033 1222; x_wconf 87' lang='lat' dir='ltr'>Nos</span> <span class='ocrx_word' id='word_1_228' title='bbox 1047 1192 1079 1221; x_wconf 91' lang='lat'>&amp;</span> <span class='ocrx_word' id='word_1_229' title='bbox 1093 1191 1236 1221; x_wconf 88' lang='lat' dir='ltr'>honorem</span> 
     </span>
     <span class='ocr_line' id='line_1_35' title="bbox 174 1230 1236 1277; baseline -0.011 -6"><span class='ocrx_word' id='word_1_230' title='bbox 174 1242 307 1272; x_wconf 87' lang='lat' dir='ltr'>nostrum</span> <span class='ocrx_word' id='word_1_231' title='bbox 321 1239 439 1277; x_wconf 88' lang='lat' dir='ltr'>diligitis</span> <span class='ocrx_word' id='word_1_232' title='bbox 445 1261 455 1276; x_wconf 93' lang='lat'>,</span> <span class='ocrx_word' id='word_1_233' title='bbox 477 1246 590 1268; x_wconf 86' lang='lat' dir='ltr'>necnon</span> <span class='ocrx_word' id='word_1_234' title='bbox 606 1236 657 1267; x_wconf 80' lang='lat' dir='ltr'>sub</span> <span class='ocrx_word' id='word_1_235' title='bbox 672 1233 849 1266; x_wconf 64' lang='lat' dir='ltr'>forisfactura</span> <span class='ocrx_word' id='word_1_236' title='bbox 863 1232 1001 1261; x_wconf 88' lang='lat' dir='ltr'>omnium</span> <span class='ocrx_word' id='word_1_237' title='bbox 1019 1240 1074 1270; x_wconf 90' lang='lat' dir='ltr'>que</span> <span class='ocrx_word' id='word_1_238' title='bbox 1090 1230 1173 1260; x_wconf 91' lang='lat' dir='ltr'>nobis</span> <span class='ocrx_word' id='word_1_239' title='bbox 1191 1230 1236 1259; x_wconf 94' lang='lat' dir='ltr'>fo-</span> 
     </span>
     <span class='ocr_line' id='line_1_36' title="bbox 174 1268 1238 1316; baseline -0.014 -5"><span class='ocrx_word' id='word_1_240' title='bbox 174 1280 307 1311; x_wconf 87' lang='lat' dir='ltr'>risfacere</span> <span class='ocrx_word' id='word_1_241' title='bbox 321 1277 450 1316; x_wconf 87' lang='lat' dir='ltr'>poteritis</span> <span class='ocrx_word' id='word_1_242' title='bbox 458 1299 466 1314; x_wconf 90' lang='lat'>‚</span> <span class='ocrx_word' id='word_1_243' title='bbox 474 1273 776 1312; x_wconf 85' lang='lat' dir='ltr'>firmiterinjungendo</span> <span class='ocrx_word' id='word_1_244' title='bbox 785 1270 975 1307; x_wconf 83' lang='lat' dir='ltr'>Mandamus,</span> <span class='ocrx_word' id='word_1_245' title='bbox 989 1268 1066 1307; x_wconf 93' lang='lat' dir='ltr'>quod</span> <span class='ocrx_word' id='word_1_246' title='bbox 1074 1278 1159 1298; x_wconf 86' lang='lat' dir='ltr'>uriam</span> <span class='ocrx_word' id='word_1_247' title='bbox 1167 1268 1238 1311; x_wconf 30' lang='lat' dir='ltr'>&#39;Na-</span> 
     </span>
     <span class='ocr_line' id='line_1_37' title="bbox 173 1307 1238 1354; baseline -0.013 -4"><span class='ocrx_word' id='word_1_248' title='bbox 173 1329 242 1350; x_wconf 88' lang='lat' dir='ltr'>vem</span> <span class='ocrx_word' id='word_1_249' title='bbox 250 1318 285 1348; x_wconf 93' lang='lat' dir='ltr'>de</span> <span class='ocrx_word' id='word_1_250' title='bbox 291 1316 415 1353; x_wconf 85' lang='lat' dir='ltr'>Guerra,</span> <span class='ocrx_word' id='word_1_251' title='bbox 422 1315 545 1354; x_wconf 82' lang='lat' dir='ltr'>Portagii</span> <span class='ocrx_word' id='word_1_252' title='bbox 554 1313 787 1352; x_wconf 87' lang='lat' dir='ltr'>quingentiorum</span> <span class='ocrx_word' id='word_1_253' title='bbox 795 1310 949 1345; x_wconf 89' lang='lat' dir='ltr'>doliorum,</span> <span class='ocrx_word' id='word_1_254' title='bbox 956 1317 1025 1337; x_wconf 91' lang='lat' dir='ltr'>curn</span> <span class='ocrx_word' id='word_1_255' title='bbox 1033 1308 1052 1327; x_wconf 72' lang='lat'>²*</span> <span class='ocrx_word' id='word_1_256' title='bbox 1061 1307 1238 1345; x_wconf 87' lang='lat' dir='ltr'>hominibus,</span> 
     </span>
     <span class='ocr_line' id='line_1_38' title="bbox 175 1346 1240 1394; baseline -0.013 -6"><span class='ocrx_word' id='word_1_257' title='bbox 175 1366 234 1389; x_wconf 85' lang='lat' dir='ltr'>tam</span> <span class='ocrx_word' id='word_1_258' title='bbox 249 1355 384 1394; x_wconf 80' lang='lat' dir='ltr'>magistris</span> <span class='ocrx_word' id='word_1_259' title='bbox 406 1354 517 1392; x_wconf 86' lang='lat' dir='ltr'>peritis,</span> <span class='ocrx_word' id='word_1_260' title='bbox 534 1361 620 1390; x_wconf 86' lang='lat' dir='ltr'>quam</span> <span class='ocrx_word' id='word_1_261' title='bbox 645 1350 803 1381; x_wconf 88' lang='lat' dir='ltr'>Marinariis</span> <span class='ocrx_word' id='word_1_262' title='bbox 825 1347 1024 1384; x_wconf 54' lang='lat' dir='ltr'>valentioribus</span> <span class='ocrx_word' id='word_1_263' title='bbox 1047 1346 1080 1376; x_wconf 72' lang='grc' dir='ltr'>ὅ(</span> <span class='ocrx_word' id='word_1_264' title='bbox 1101 1347 1240 1384; x_wconf 72' lang='lat' dir='ltr'>expertis,</span> 
     </span>
     <span class='ocr_line' id='line_1_39' title="bbox 176 1386 1237 1430; baseline -0.014 -2"><span class='ocrx_word' id='word_1_265' title='bbox 176 1396 322 1428; x_wconf 85' lang='lat' dir='ltr'>Ducentis</span> <span class='ocrx_word' id='word_1_266' title='bbox 334 1394 368 1424; x_wconf 90' lang='lat' dir='ltr'>ad</span> <span class='ocrx_word' id='word_1_267' title='bbox 384 1394 492 1430; x_wconf 77' lang='lat' dir='ltr'>minuS,</span> <span class='ocrx_word' id='word_1_268' title='bbox 510 1401 543 1422; x_wconf 90' lang='lat' dir='ltr'>ac</span> <span class='ocrx_word' id='word_1_269' title='bbox 552 1392 639 1422; x_wconf 87' lang='lat' dir='ltr'>etiam</span> <span class='ocrx_word' id='word_1_270' title='bbox 647 1389 813 1420; x_wconf 85' lang='lat' dir='ltr'>Tormentis</span> <span class='ocrx_word' id='word_1_271' title='bbox 826 1396 883 1417; x_wconf 85' lang='lat' dir='ltr'>tarn</span> <span class='ocrx_word' id='word_1_272' title='bbox 900 1386 1068 1423; x_wconf 85' lang='lat' dir='ltr'>majoribus,</span> <span class='ocrx_word' id='word_1_273' title='bbox 1087 1394 1172 1424; x_wconf 86' lang='lat' dir='ltr'>quam</span> <span class='ocrx_word' id='word_1_274' title='bbox 1181 1386 1237 1415; x_wconf 86' lang='lat' dir='ltr'>mi-</span> 
     </span>
     <span class='ocr_line' id='line_1_40' title="bbox 174 1424 1237 1471; baseline -0.012 -4"><span class='ocrx_word' id='word_1_275' title='bbox 174 1436 309 1471; x_wconf 86' lang='lat' dir='ltr'>noribus,</span> <span class='ocrx_word' id='word_1_276' title='bbox 326 1432 442 1471; x_wconf 85' lang='lat' dir='ltr'>pulvere</span> <span class='ocrx_word' id='word_1_277' title='bbox 462 1430 664 1466; x_wconf 77' lang='lat' dir='ltr'>tormentatio,</span> <span class='ocrx_word' id='word_1_278' title='bbox 680 1435 717 1458; x_wconf 88' lang='lat' dir='ltr'>ac</span> <span class='ocrx_word' id='word_1_279' title='bbox 730 1426 813 1457; x_wconf 80' lang='lat' dir='ltr'>hastis</span> <span class='ocrx_word' id='word_1_280' title='bbox 831 1426 864 1456; x_wconf 71' lang='grc' dir='ltr'>δε</span> <span class='ocrx_word' id='word_1_281' title='bbox 882 1425 942 1456; x_wconf 88' lang='lat' dir='ltr'>telis</span> <span class='ocrx_word' id='word_1_282' title='bbox 961 1424 1075 1460; x_wconf 84' lang='lat' dir='ltr'>aliisque</span> <span class='ocrx_word' id='word_1_283' title='bbox 1093 1425 1237 1454; x_wconf 82' lang='lat' dir='ltr'>armaturis</span> 
     </span>
     <span class='ocr_line' id='line_1_41' title="bbox 173 1461 1236 1509; baseline -0.014 -2"><span class='ocrx_word' id='word_1_284' title='bbox 173 1474 332 1506; x_wconf 71' lang='lat' dir='ltr'>necessariis</span> <span class='ocrx_word' id='word_1_285' title='bbox 343 1481 395 1509; x_wconf 87' lang='lat' dir='ltr'>pro</span> <span class='ocrx_word' id='word_1_286' title='bbox 410 1467 744 1500; x_wconf 63' lang='lat' dir='ltr'>Guerra‘sufficientibus</span> <span class='ocrx_word' id='word_1_287' title='bbox 762 1467 794 1496; x_wconf 77' lang='grc' dir='ltr'>ὅ(</span> <span class='ocrx_word' id='word_1_288' title='bbox 809 1473 879 1494; x_wconf 90' lang='lat' dir='ltr'>cum</span> <span class='ocrx_word' id='word_1_289' title='bbox 897 1463 1004 1502; x_wconf 83' lang='lat' dir='ltr'>duplici</span> <span class='ocrx_word' id='word_1_290' title='bbox 1027 1461 1236 1499; x_wconf 80' lang='lat' dir='ltr'>Eskippameii-</span> 
     </span>
     <span class='ocr_line' id='line_1_42' title="bbox 174 1501 1236 1552; baseline -0.012 -9"><span class='ocrx_word' id='word_1_291' title='bbox 174 1522 227 1552; x_wconf 90' lang='lat' dir='ltr'>to,</span> <span class='ocrx_word' id='word_1_292' title='bbox 247 1520 360 1543; x_wconf 84' lang='lat' dir='ltr'>necnon</span> <span class='ocrx_word' id='word_1_293' title='bbox 377 1519 447 1540; x_wconf 90' lang='lat' dir='ltr'>cum</span> <span class='ocrx_word' id='word_1_294' title='bbox 463 1507 657 1544; x_wconf 68' lang='lat' dir='ltr'>victualibus,</span> <span class='ocrx_word' id='word_1_295' title='bbox 676 1506 760 1542; x_wconf 88' lang='lat' dir='ltr'>usque</span> <span class='ocrx_word' id='word_1_296' title='bbox 776 1503 810 1534; x_wconf 87' lang='lat' dir='ltr'>ad</span> <span class='ocrx_word' id='word_1_297' title='bbox 826 1503 953 1541; x_wconf 88' lang='lat' dir='ltr'>primum</span> <span class='ocrx_word' id='word_1_298' title='bbox 967 1501 1044 1532; x_wconf 87' lang='lat' dir='ltr'>diem</span> <span class='ocrx_word' id='word_1_299' title='bbox 1062 1503 1166 1530; x_wconf 79' lang='lat' dir='ltr'>Martii</span> <span class='ocrx_word' id='word_1_300' title='bbox 1179 1504 1236 1539; x_wconf 80' lang='lat' dir='ltr'>J&#39;am</span> 
     </span>
     <span class='ocr_line' id='line_1_43' title="bbox 174 1540 1235 1591; baseline -0.017 -8"><span class='ocrx_word' id='word_1_301' title='bbox 174 1553 310 1591; x_wconf 79' lang='lat' dir='ltr'>proxime</span> <span class='ocrx_word' id='word_1_302' title='bbox 323 1550 488 1586; x_wconf 84' lang='lat' dir='ltr'>sequentem</span> <span class='ocrx_word' id='word_1_303' title='bbox 505 1546 538 1576; x_wconf 90' lang='lat' dir='ltr'>ad</span> <span class='ocrx_word' id='word_1_304' title='bbox 554 1555 598 1576; x_wconf 91' lang='lat' dir='ltr'>tot</span> <span class='ocrx_word' id='word_1_305' title='bbox 614 1545 746 1575; x_wconf 86' lang='lat' dir='ltr'>homines</span> <span class='ocrx_word' id='word_1_306' title='bbox 759 1541 1009 1579; x_wconf 74' lang='lat' dir='ltr'>competentibus,</span> <span class='ocrx_word' id='word_1_307' title='bbox 1028 1541 1061 1571; x_wconf 86' lang='lat'>&amp;</span> <span class='ocrx_word' id='word_1_308' title='bbox 1077 1540 1179 1570; x_wconf 85' lang='lat' dir='ltr'>abinde</span> <span class='ocrx_word' id='word_1_309' title='bbox 1207 1541 1235 1569; x_wconf 80' lang='lat' dir='ltr'>in</span> 
     </span>
    </p>

    <p class='ocr_par' dir='ltr' id='par_1_10' title="bbox 292 1578 1236 1624">
     <span class='ocr_line' id='line_1_44' title="bbox 292 1578 1236 1624; baseline -0.013 -5"><span class='ocrx_word' id='word_1_310' title='bbox 292 1590 336 1620; x_wconf 81' lang='lat' dir='ltr'>sex</span> <span class='ocrx_word' id='word_1_311' title='bbox 354 1588 518 1624; x_wconf 86' lang='lat' dir='ltr'>septimanas</span> <span class='ocrx_word' id='word_1_312' title='bbox 533 1585 566 1614; x_wconf 90' lang='lat' dir='ltr'>ad</span> <span class='ocrx_word' id='word_1_313' title='bbox 581 1582 704 1623; x_wconf 81' lang='lat' dir='ltr'>custagia</span> <span class='ocrx_word' id='word_1_314' title='bbox 721 1581 829 1617; x_wconf 90' lang='lat' dir='ltr'>vestra,</span> <span class='ocrx_word' id='word_1_315' title='bbox 848 1588 906 1610; x_wconf 88' lang='lat' dir='ltr'>tam</span> <span class='ocrx_word' id='word_1_316' title='bbox 922 1581 949 1609; x_wconf 91' lang='lat' dir='ltr'>in</span> <span class='ocrx_word' id='word_1_317' title='bbox 958 1578 1136 1609; x_wconf 55' lang='lat' dir='ltr'>virtualibus</span> <span class='ocrx_word' id='word_1_318' title='bbox 1148 1588 1236 1617; x_wconf 88' lang='lat' dir='ltr'>quam</span> 
     </span>
    </p>
   </div>
   <div class='ocr_carea' id='block_1_8' title="bbox 173 1600 1236 1661">
    <p class='ocr_par' dir='ltr' id='par_1_11' title="bbox 173 1600 1236 1661">
     <span class='ocr_line' id='line_1_45' title="bbox 208 1601 222 1615; baseline 0 0"><span class='ocrx_word' id='word_1_319' title='bbox 208 1601 222 1615; x_wconf 78' lang='lat'>0</span> 
     </span>
     <span class='ocr_line' id='line_1_46' title="bbox 173 1600 1236 1661; baseline -0.013 -1"><span class='ocrx_word' id='word_1_320' title='bbox 173 1600 329 1661; x_wconf 46' lang='lat' dir='ltr'>flug‘tlrlitilium</span> <span class='ocrx_word' id='word_1_321' title='bbox 345 1627 455 1656; x_wconf 87' lang='lat' dir='ltr'>Salariis</span> <span class='ocrx_word' id='word_1_322' title='bbox 467 1626 500 1655; x_wconf 71' lang='grc' dir='ltr'>ὃ(</span> <span class='ocrx_word' id='word_1_323' title='bbox 513 1624 571 1653; x_wconf 89' lang='lat' dir='ltr'>aliis</span> <span class='ocrx_word' id='word_1_324' title='bbox 582 1623 616 1653; x_wconf 88' lang='lat' dir='ltr'>ad</span> <span class='ocrx_word' id='word_1_325' title='bbox 623 1621 767 1652; x_wconf 76' lang='lat' dir='ltr'>Guetram</span> <span class='ocrx_word' id='word_1_326' title='bbox 780 1618 953 1656; x_wconf 79' lang='lat' dir='ltr'>neceisariis,</span> <span class='ocrx_word' id='word_1_327' title='bbox 969 1626 1020 1655; x_wconf 85' lang='lat' dir='ltr'>per</span> <span class='ocrx_word' id='word_1_328' title='bbox 1034 1626 1144 1655; x_wconf 79' lang='lat' dir='ltr'>tenipus</span> <span class='ocrx_word' id='word_1_329' title='bbox 1158 1617 1236 1655; x_wconf 88' lang='lat' dir='ltr'>illud,</span> 
     </span>
    </p>
   </div>
   <div class='ocr_carea' id='block_1_9' title="bbox 165 1654 1249 4020">
    <p class='ocr_par' dir='ltr' id='par_1_12' title="bbox 170 1654 1239 2127">
     <span class='ocr_line' id='line_1_47' title="bbox 173 1654 1232 1706; baseline -0.011 -7"><span class='ocrx_word' id='word_1_330' title='bbox 173 1670 253 1706; x_wconf 80' lang='lat' dir='ltr'>supei·</span> <span class='ocrx_word' id='word_1_331' title='bbox 269 1666 460 1698; x_wconf 70' lang='lat' dir='ltr'>detentionem</span> <span class='ocrx_word' id='word_1_332' title='bbox 477 1661 567 1692; x_wconf 89' lang='lat' dir='ltr'>Maris</span> <span class='ocrx_word' id='word_1_333' title='bbox 582 1663 612 1691; x_wconf 92' lang='lat' dir='ltr'>in</span> <span class='ocrx_word' id='word_1_334' title='bbox 625 1660 764 1699; x_wconf 86' lang='lat' dir='ltr'>obsequio</span> <span class='ocrx_word' id='word_1_335' title='bbox 778 1656 893 1694; x_wconf 85' lang='lat' dir='ltr'>nostro,</span> <span class='ocrx_word' id='word_1_336' title='bbox 909 1657 938 1686; x_wconf 94' lang='lat' dir='ltr'>in</span> <span class='ocrx_word' id='word_1_337' title='bbox 961 1656 1109 1688; x_wconf 83' lang='lat' dir='ltr'>Comitiva</span> <span class='ocrx_word' id='word_1_338' title='bbox 1126 1654 1232 1687; x_wconf 89' lang='lat' dir='ltr'>Custo-</span> 
     </span>
     <span class='ocr_line' id='line_1_48' title="bbox 174 1695 1236 1742; baseline -0.011 -4"><span class='ocrx_word' id='word_1_339' title='bbox 174 1708 216 1738; x_wconf 91' lang='lat' dir='ltr'>dis</span> <span class='ocrx_word' id='word_1_340' title='bbox 238 1706 342 1742; x_wconf 80' lang='lat' dir='ltr'>Maris,</span> <span class='ocrx_word' id='word_1_341' title='bbox 362 1705 407 1734; x_wconf 88' lang='lat' dir='ltr'>cui</span> <span class='ocrx_word' id='word_1_342' title='bbox 429 1701 601 1732; x_wconf 82' lang='lat' dir='ltr'>Custodiam</span> <span class='ocrx_word' id='word_1_343' title='bbox 624 1698 715 1729; x_wconf 85' lang='lat' dir='ltr'>Maris</span> <span class='ocrx_word' id='word_1_344' title='bbox 730 1706 806 1728; x_wconf 65' lang='lat' dir='ltr'>«ante</span> <span class='ocrx_word' id='word_1_345' title='bbox 821 1695 983 1735; x_wconf 65' lang='lat' dir='ltr'>predictum</span> <span class='ocrx_word' id='word_1_346' title='bbox 1009 1696 1135 1735; x_wconf 86' lang='lat' dir='ltr'>primum</span> <span class='ocrx_word' id='word_1_347' title='bbox 1159 1696 1236 1726; x_wconf 89' lang='lat' dir='ltr'>diem</span> 
     </span>
     <span class='ocr_line' id='line_1_49' title="bbox 175 1734 1238 1778; baseline -0.013 -2"><span class='ocrx_word' id='word_1_348' title='bbox 175 1749 281 1777; x_wconf 79' lang='lat' dir='ltr'>Martii</span> <span class='ocrx_word' id='word_1_349' title='bbox 295 1743 512 1775; x_wconf 85' lang='lat' dir='ltr'>committemus</span> <span class='ocrx_word' id='word_1_350' title='bbox 522 1763 530 1778; x_wconf 88' lang='lat'>,</span> <span class='ocrx_word' id='word_1_351' title='bbox 548 1740 581 1770; x_wconf 91' lang='lat'>&amp;</span> <span class='ocrx_word' id='word_1_352' title='bbox 597 1746 680 1778; x_wconf 85' lang='lat' dir='ltr'>prout</span> <span class='ocrx_word' id='word_1_353' title='bbox 692 1736 748 1776; x_wconf 84' lang='lat' dir='ltr'>ipse</span> <span class='ocrx_word' id='word_1_354' title='bbox 764 1745 798 1766; x_wconf 87' lang='lat' dir='ltr'>ex</span> <span class='ocrx_word' id='word_1_355' title='bbox 813 1743 891 1773; x_wconf 84' lang='lat' dir='ltr'>parte</span> <span class='ocrx_word' id='word_1_356' title='bbox 900 1734 993 1764; x_wconf 78' lang='lat' dir='ltr'>nostra</span> <span class='ocrx_word' id='word_1_357' title='bbox 1009 1734 1157 1764; x_wconf 70' lang='lat' dir='ltr'>dictaverit</span> <span class='ocrx_word' id='word_1_358' title='bbox 1174 1744 1238 1764; x_wconf 87' lang='lat' dir='ltr'>mo-</span> 
     </span>
     <span class='ocr_line' id='line_1_50' title="bbox 173 1772 1239 1821; baseline -0.009 -8"><span class='ocrx_word' id='word_1_359' title='bbox 173 1793 295 1815; x_wconf 79' lang='lat' dir='ltr'>raturam</span> <span class='ocrx_word' id='word_1_360' title='bbox 312 1782 417 1821; x_wconf 85' lang='lat' dir='ltr'>parari,</span> <span class='ocrx_word' id='word_1_361' title='bbox 435 1781 468 1811; x_wconf 90' lang='lat'>&amp;</span> <span class='ocrx_word' id='word_1_362' title='bbox 482 1778 517 1809; x_wconf 86' lang='lat' dir='ltr'>acl</span> <span class='ocrx_word' id='word_1_363' title='bbox 535 1779 657 1809; x_wconf 92' lang='lat' dir='ltr'>Portum</span> <span class='ocrx_word' id='word_1_364' title='bbox 671 1776 708 1806; x_wconf 89' lang='lat' dir='ltr'>de</span> <span class='ocrx_word' id='word_1_365' title='bbox 715 1772 904 1813; x_wconf 73' lang='lat' dir='ltr'>Portesinouth</span> <span class='ocrx_word' id='word_1_366' title='bbox 912 1775 980 1804; x_wconf 89' lang='lat' dir='ltr'>citra</span> <span class='ocrx_word' id='word_1_367' title='bbox 994 1773 1105 1803; x_wconf 54' lang='lat' dir='ltr'>distum</span> <span class='ocrx_word' id='word_1_368' title='bbox 1113 1773 1239 1810; x_wconf 88' lang='lat' dir='ltr'>primum</span> 
     </span>
     <span class='ocr_line' id='line_1_51' title="bbox 172 1812 1239 1854; baseline -0.011 0"><span class='ocrx_word' id='word_1_369' title='bbox 172 1825 252 1854; x_wconf 86' lang='lat' dir='ltr'>diem</span> <span class='ocrx_word' id='word_1_370' title='bbox 269 1822 373 1852; x_wconf 80' lang='lat' dir='ltr'>Martii</span> <span class='ocrx_word' id='word_1_371' title='bbox 387 1818 453 1848; x_wconf 89' lang='lat' dir='ltr'>duci</span> <span class='ocrx_word' id='word_1_372' title='bbox 471 1817 597 1854; x_wconf 85' lang='lat' dir='ltr'>faciatis,</span> <span class='ocrx_word' id='word_1_373' title='bbox 613 1817 650 1846; x_wconf 85' lang='lat' dir='ltr'>ita</span> <span class='ocrx_word' id='word_1_374' title='bbox 666 1814 744 1853; x_wconf 91' lang='lat' dir='ltr'>quod</span> <span class='ocrx_word' id='word_1_375' title='bbox 760 1814 813 1843; x_wconf 85' lang='lat' dir='ltr'>sint</span> <span class='ocrx_word' id='word_1_376' title='bbox 827 1812 934 1843; x_wconf 84' lang='lat' dir='ltr'>ibidem</span> <span class='ocrx_word' id='word_1_377' title='bbox 949 1812 1052 1843; x_wconf 81' lang='lat' dir='ltr'>eodem</span> <span class='ocrx_word' id='word_1_378' title='bbox 1067 1813 1113 1842; x_wconf 90' lang='lat' dir='ltr'>die</span> <span class='ocrx_word' id='word_1_379' title='bbox 1125 1813 1160 1842; x_wconf 90' lang='lat' dir='ltr'>ad</span> <span class='ocrx_word' id='word_1_380' title='bbox 1174 1813 1239 1842; x_wconf 90' lang='lat' dir='ltr'>ulti-</span> 
     </span>
     <span class='ocr_line' id='line_1_52' title="bbox 175 1850 1239 1898; baseline -0.01 -6"><span class='ocrx_word' id='word_1_381' title='bbox 175 1871 274 1898; x_wconf 85' lang='lat' dir='ltr'>mum,</span> <span class='ocrx_word' id='word_1_382' title='bbox 291 1860 325 1890; x_wconf 88' lang='lat' dir='ltr'>ad</span> <span class='ocrx_word' id='word_1_383' title='bbox 338 1856 571 1897; x_wconf 85' lang='lat' dir='ltr'>proficiscendum</span> <span class='ocrx_word' id='word_1_384' title='bbox 589 1855 691 1884; x_wconf 82' lang='lat' dir='ltr'>exinde</span> <span class='ocrx_word' id='word_1_385' title='bbox 713 1862 783 1884; x_wconf 89' lang='lat' dir='ltr'>cum</span> <span class='ocrx_word' id='word_1_386' title='bbox 802 1850 934 1882; x_wconf 81' lang='lat' dir='ltr'>Navibus</span> <span class='ocrx_word' id='word_1_387' title='bbox 958 1851 1074 1889; x_wconf 86' lang='lat' dir='ltr'>nostris,</span> <span class='ocrx_word' id='word_1_388' title='bbox 1093 1853 1125 1881; x_wconf 85' lang='lat'><strong>&amp;</strong></span> <span class='ocrx_word' id='word_1_389' title='bbox 1144 1851 1239 1882; x_wconf 89' lang='lat' dir='ltr'>Navi—</span> 
     </span>
     <span class='ocr_line' id='line_1_53' title="bbox 173 1889 1237 1932; baseline -0.009 -1"><span class='ocrx_word' id='word_1_390' title='bbox 173 1903 227 1932; x_wconf 87' lang='lat' dir='ltr'>bus</span> <span class='ocrx_word' id='word_1_391' title='bbox 238 1901 357 1929; x_wconf 79' lang='lat' dir='ltr'>aliorum</span> <span class='ocrx_word' id='word_1_392' title='bbox 377 1896 501 1926; x_wconf 84' lang='lat' dir='ltr'>fidelium</span> <span class='ocrx_word' id='word_1_393' title='bbox 517 1893 704 1924; x_wconf 81' lang='lat' dir='ltr'>Subditorum</span> <span class='ocrx_word' id='word_1_394' title='bbox 719 1891 885 1922; x_wconf 90' lang='lat' dir='ltr'>nostrorum</span> <span class='ocrx_word' id='word_1_395' title='bbox 899 1899 952 1927; x_wconf 86' lang='lat' dir='ltr'>pro</span> <span class='ocrx_word' id='word_1_396' title='bbox 968 1891 1088 1920; x_wconf 89' lang='lat' dir='ltr'>tuitione</span> <span class='ocrx_word' id='word_1_397' title='bbox 1099 1889 1188 1920; x_wconf 83' lang='lat' dir='ltr'>Maris</span> <span class='ocrx_word' id='word_1_398' title='bbox 1203 1892 1237 1921; x_wconf 91' lang='lat'>&amp;</span> 
     </span>
     <span class='ocr_line' id='line_1_54' title="bbox 170 1928 1235 1972; baseline -0.011 -2"><span class='ocrx_word' id='word_1_399' title='bbox 170 1938 334 1971; x_wconf 85' lang='lat' dir='ltr'>defensione</span> <span class='ocrx_word' id='word_1_400' title='bbox 347 1935 472 1967; x_wconf 83' lang='lat' dir='ltr'>vestrum</span> <span class='ocrx_word' id='word_1_401' title='bbox 487 1935 520 1965; x_wconf 66' lang='grc' dir='ltr'>ὃ(</span> <span class='ocrx_word' id='word_1_402' title='bbox 536 1931 696 1963; x_wconf 88' lang='lat' dir='ltr'>vestrorum</span> <span class='ocrx_word' id='word_1_403' title='bbox 706 1952 716 1967; x_wconf 86' lang='lat'>,</span> <span class='ocrx_word' id='word_1_404' title='bbox 731 1929 888 1972; x_wconf 76' lang='lat' dir='ltr'>repulsione</span> <span class='ocrx_word' id='word_1_405' title='bbox 907 1929 940 1958; x_wconf 90' lang='lat'>&amp;</span> <span class='ocrx_word' id='word_1_406' title='bbox 955 1928 1144 1959; x_wconf 81' lang='lat' dir='ltr'>debellatione</span> <span class='ocrx_word' id='word_1_407' title='bbox 1162 1939 1235 1966; x_wconf 92' lang='lat' dir='ltr'>quo-</span> 
     </span>
     <span class='ocr_line' id='line_1_55' title="bbox 175 1966 1237 2015; baseline -0.013 -7"><span class='ocrx_word' id='word_1_408' title='bbox 175 1986 356 2015; x_wconf 87' lang='lat' dir='ltr'>rumcunque</span> <span class='ocrx_word' id='word_1_409' title='bbox 380 1997 388 2012; x_wconf 90' lang='lat'>‚</span> <span class='ocrx_word' id='word_1_410' title='bbox 419 1972 593 2003; x_wconf 75' lang='lat' dir='ltr'>Mercatores</span> <span class='ocrx_word' id='word_1_411' title='bbox 621 1969 732 2000; x_wconf 90' lang='lat' dir='ltr'>nostros</span> <span class='ocrx_word' id='word_1_412' title='bbox 756 1970 788 1999; x_wconf 91' lang='lat'>&amp;</span> <span class='ocrx_word' id='word_1_413' title='bbox 817 1969 884 1997; x_wconf 84' lang='lat' dir='ltr'>alios</span> <span class='ocrx_word' id='word_1_414' title='bbox 907 1967 1044 1997; x_wconf 84' lang='lat' dir='ltr'>Subditos</span> <span class='ocrx_word' id='word_1_415' title='bbox 1078 1967 1111 1997; x_wconf 86' lang='lat'>&amp;</span> <span class='ocrx_word' id='word_1_416' title='bbox 1140 1966 1237 1998; x_wconf 82' lang='lat' dir='ltr'>fideles</span> 
     </span>
     <span class='ocr_line' id='line_1_56' title="bbox 171 2005 1237 2056; baseline -0.009 -9"><span class='ocrx_word' id='word_1_417' title='bbox 171 2016 316 2056; x_wconf 66' lang='lat' dir='ltr'>prediflos</span> <span class='ocrx_word' id='word_1_418' title='bbox 332 2015 361 2043; x_wconf 88' lang='lat' dir='ltr'>in</span> <span class='ocrx_word' id='word_1_419' title='bbox 376 2012 517 2043; x_wconf 88' lang='lat' dir='ltr'>Dominia</span> <span class='ocrx_word' id='word_1_420' title='bbox 530 2009 640 2047; x_wconf 88' lang='lat' dir='ltr'>nostra,</span> <span class='ocrx_word' id='word_1_421' title='bbox 656 2018 689 2038; x_wconf 79' lang='lat' dir='ltr'>eit</span> <span class='ocrx_word' id='word_1_422' title='bbox 703 2009 782 2038; x_wconf 87' lang='lat' dir='ltr'>causa</span> <span class='ocrx_word' id='word_1_423' title='bbox 792 2005 955 2036; x_wconf 79' lang='lat' dir='ltr'>Mercature</span> <span class='ocrx_word' id='word_1_424' title='bbox 968 2005 995 2035; x_wconf 91' lang='lat' dir='ltr'>se</span> <span class='ocrx_word' id='word_1_425' title='bbox 1009 2005 1181 2036; x_wconf 87' lang='lat' dir='ltr'>divertentes</span> <span class='ocrx_word' id='word_1_426' title='bbox 1191 2007 1237 2037; x_wconf 90' lang='lat' dir='ltr'>vel</span> 
     </span>
     <span class='ocr_line' id='line_1_57' title="bbox 172 2044 1237 2091; baseline -0.008 -5"><span class='ocrx_word' id='word_1_427' title='bbox 172 2055 276 2087; x_wconf 80' lang='lat' dir='ltr'>abinde</span> <span class='ocrx_word' id='word_1_428' title='bbox 294 2053 329 2084; x_wconf 90' lang='lat' dir='ltr'>ad</span> <span class='ocrx_word' id='word_1_429' title='bbox 343 2052 458 2091; x_wconf 83' lang='lat' dir='ltr'>proptia</span> <span class='ocrx_word' id='word_1_430' title='bbox 477 2049 651 2081; x_wconf 86' lang='lat' dir='ltr'>declinantes</span> <span class='ocrx_word' id='word_1_431' title='bbox 672 2047 750 2086; x_wconf 88' lang='lat' dir='ltr'>supet</span> <span class='ocrx_word' id='word_1_432' title='bbox 770 2044 871 2083; x_wconf 86' lang='lat' dir='ltr'>Mare,</span> <span class='ocrx_word' id='word_1_433' title='bbox 889 2054 1005 2082; x_wconf 87' lang='lat' dir='ltr'>gravate</span> <span class='ocrx_word' id='word_1_434' title='bbox 1023 2044 1069 2075; x_wconf 89' lang='lat' dir='ltr'>seu</span> <span class='ocrx_word' id='word_1_435' title='bbox 1087 2044 1237 2077; x_wconf 85' lang='lat' dir='ltr'>molestare</span> 
     </span>
     <span class='ocr_line' id='line_1_58' title="bbox 172 2094 366 2127; baseline -0.031 0"><span class='ocrx_word' id='word_1_436' title='bbox 172 2094 366 2127; x_wconf 80' lang='lat' dir='ltr'>sataoentium.</span> 
     </span>
    </p>

    <p class='ocr_par' dir='ltr' id='par_1_13' title="bbox 211 2119 1238 2171">
     <span class='ocr_line' id='line_1_59' title="bbox 211 2119 1238 2171; baseline -0.009 -7"><span class='ocrx_word' id='word_1_437' title='bbox 211 2119 419 2171; x_wconf 48' lang='lat' dir='ltr'>Abffigriavimus</span> <span class='ocrx_word' id='word_1_438' title='bbox 446 2136 542 2160; x_wconf 88' lang='lat' dir='ltr'>autem</span> <span class='ocrx_word' id='word_1_439' title='bbox 573 2137 627 2163; x_wconf 84' lang='lat' dir='ltr'>vos</span> <span class='ocrx_word' id='word_1_440' title='bbox 649 2125 788 2166; x_wconf 86' lang='lat' dir='ltr'>prefatum</span> <span class='ocrx_word' id='word_1_441' title='bbox 822 2123 1038 2156; x_wconf 88' lang='lat' dir='ltr'>Vicecomitem</span> <span class='ocrx_word' id='word_1_442' title='bbox 1074 2122 1238 2155; x_wconf 77' lang='lat' dir='ltr'>Comitatus</span> 
     </span>
    </p>

    <p class='ocr_par' dir='ltr' id='par_1_14' title="bbox 165 2162 1240 3334">
     <span class='ocr_line' id='line_1_60' title="bbox 174 2162 1237 2208; baseline -0.011 -5"><span class='ocrx_word' id='word_1_443' title='bbox 174 2172 265 2205; x_wconf 86' lang='lat' dir='ltr'>nostri</span> <span class='ocrx_word' id='word_1_444' title='bbox 291 2169 409 2208; x_wconf 77' lang='lat' dir='ltr'>Dorftt,</span> <span class='ocrx_word' id='word_1_445' title='bbox 429 2168 553 2205; x_wconf 83' lang='lat' dir='ltr'>Majores</span> <span class='ocrx_word' id='word_1_446' title='bbox 574 2165 741 2199; x_wconf 86' lang='lat' dir='ltr'>&amp;Ballivos</span> <span class='ocrx_word' id='word_1_447' title='bbox 762 2163 902 2194; x_wconf 88' lang='lat' dir='ltr'>Villarum</span> <span class='ocrx_word' id='word_1_448' title='bbox 932 2162 966 2194; x_wconf 74' lang='grc' dir='ltr'>δε</span> <span class='ocrx_word' id='word_1_449' title='bbox 988 2162 1147 2201; x_wconf 86' lang='lat' dir='ltr'>Burgorum</span> <span class='ocrx_word' id='word_1_450' title='bbox 1171 2172 1237 2202; x_wconf 89' lang='lat' dir='ltr'>pre-</span> 
     </span>
     <span class='ocr_line' id='line_1_61' title="bbox 171 2201 1237 2247; baseline -0.01 -4"><span class='ocrx_word' id='word_1_451' title='bbox 171 2212 336 2247; x_wconf 64' lang='lat' dir='ltr'>dit‘korum,</span> <span class='ocrx_word' id='word_1_452' title='bbox 353 2217 399 2238; x_wconf 92' lang='lat' dir='ltr'>aut</span> <span class='ocrx_word' id='word_1_453' title='bbox 422 2207 531 2244; x_wconf 85' lang='lat' dir='ltr'>aliquos</span> <span class='ocrx_word' id='word_1_454' title='bbox 548 2206 593 2236; x_wconf 80' lang='lat' dir='ltr'>sex</span> <span class='ocrx_word' id='word_1_455' title='bbox 616 2204 663 2236; x_wconf 88' lang='lat' dir='ltr'>vel</span> <span class='ocrx_word' id='word_1_456' title='bbox 684 2204 774 2242; x_wconf 88' lang='lat' dir='ltr'>plures</span> <span class='ocrx_word' id='word_1_457' title='bbox 795 2201 923 2244; x_wconf 81' lang='lat' dir='ltr'>vestrum</span> <span class='ocrx_word' id='word_1_458' title='bbox 937 2224 947 2240; x_wconf 88' lang='lat'>,</span> <span class='ocrx_word' id='word_1_459' title='bbox 970 2210 1097 2241; x_wconf 86' lang='lat' dir='ltr'>quorum</span> <span class='ocrx_word' id='word_1_460' title='bbox 1124 2210 1152 2232; x_wconf 85' lang='lat' dir='ltr'>te</span> <span class='ocrx_word' id='word_1_461' title='bbox 1172 2211 1237 2239; x_wconf 90' lang='lat' dir='ltr'>pre-</span> 
     </span>
     <span class='ocr_line' id='line_1_62' title="bbox 170 2238 1235 2284; baseline -0.011 -1"><span class='ocrx_word' id='word_1_462' title='bbox 170 2253 261 2284; x_wconf 76' lang='lat' dir='ltr'>fatum</span> <span class='ocrx_word' id='word_1_463' title='bbox 284 2246 499 2278; x_wconf 89' lang='lat' dir='ltr'>Vicecomitem</span> <span class='ocrx_word' id='word_1_464' title='bbox 522 2243 686 2274; x_wconf 82' lang='lat' dir='ltr'>Comitatus</span> <span class='ocrx_word' id='word_1_465' title='bbox 709 2241 799 2272; x_wconf 88' lang='lat' dir='ltr'>nostri</span> <span class='ocrx_word' id='word_1_466' title='bbox 821 2241 923 2280; x_wconf 80' lang='lat' dir='ltr'>DorJet</span> <span class='ocrx_word' id='word_1_467' title='bbox 945 2249 1035 2271; x_wconf 89' lang='lat' dir='ltr'>unum</span> <span class='ocrx_word' id='word_1_468' title='bbox 1063 2238 1118 2271; x_wconf 81' lang='lat' dir='ltr'>else</span> <span class='ocrx_word' id='word_1_469' title='bbox 1141 2239 1235 2271; x_wconf 89' lang='lat' dir='ltr'>Volu-</span> 
     </span>
     <span class='ocr_line' id='line_1_63' title="bbox 172 2278 1237 2326; baseline -0.012 -5"><span class='ocrx_word' id='word_1_470' title='bbox 172 2300 253 2326; x_wconf 82' lang='lat' dir='ltr'>mus,</span> <span class='ocrx_word' id='word_1_471' title='bbox 272 2287 344 2318; x_wconf 90' lang='lat' dir='ltr'>infra</span> <span class='ocrx_word' id='word_1_472' title='bbox 358 2286 471 2324; x_wconf 83' lang='lat' dir='ltr'>triginta</span> <span class='ocrx_word' id='word_1_473' title='bbox 485 2283 544 2313; x_wconf 89' lang='lat' dir='ltr'>dies</span> <span class='ocrx_word' id='word_1_474' title='bbox 558 2282 622 2321; x_wconf 87' lang='lat' dir='ltr'>post</span> <span class='ocrx_word' id='word_1_475' title='bbox 637 2281 833 2317; x_wconf 86' lang='lat' dir='ltr'>receptionem</span> <span class='ocrx_word' id='word_1_476' title='bbox 850 2280 934 2318; x_wconf 87' lang='lat' dir='ltr'>hujus</span> <span class='ocrx_word' id='word_1_477' title='bbox 950 2279 1046 2309; x_wconf 91' lang='lat' dir='ltr'>Brevis</span> <span class='ocrx_word' id='word_1_478' title='bbox 1059 2278 1237 2319; x_wconf 35' lang='lat' dir='ltr'>ad-Assiden-</span> 
     </span>
     <span class='ocr_line' id='line_1_64' title="bbox 173 2316 1237 2365; baseline -0.01 -6"><span class='ocrx_word' id='word_1_479' title='bbox 173 2330 246 2360; x_wconf 84' lang='lat' dir='ltr'>dum</span> <span class='ocrx_word' id='word_1_480' title='bbox 271 2332 407 2365; x_wconf 84' lang='lat' dir='ltr'>quantum</span> <span class='ocrx_word' id='word_1_481' title='bbox 429 2323 464 2353; x_wconf 92' lang='lat' dir='ltr'>de</span> <span class='ocrx_word' id='word_1_482' title='bbox 487 2321 616 2359; x_wconf 84' lang='lat' dir='ltr'>custagiis</span> <span class='ocrx_word' id='word_1_483' title='bbox 637 2319 769 2357; x_wconf 67' lang='lat' dir='ltr'>predictis</span> <span class='ocrx_word' id='word_1_484' title='bbox 789 2317 869 2355; x_wconf 86' lang='lat' dir='ltr'>super</span> <span class='ocrx_word' id='word_1_485' title='bbox 890 2317 1049 2357; x_wconf 64' lang='lat' dir='ltr'>prediClam</span> <span class='ocrx_word' id='word_1_486' title='bbox 1072 2316 1178 2347; x_wconf 64' lang='lat' dir='ltr'>Villam</span> <span class='ocrx_word' id='word_1_487' title='bbox 1199 2318 1237 2348; x_wconf 91' lang='lat' dir='ltr'>de</span> 
     </span>
     <span class='ocr_line' id='line_1_65' title="bbox 172 2354 1236 2399; baseline -0.01 -1"><span class='ocrx_word' id='word_1_488' title='bbox 172 2366 254 2399; x_wconf 88' lang='lat' dir='ltr'>Poole</span> <span class='ocrx_word' id='word_1_489' title='bbox 267 2367 301 2397; x_wconf 87' lang='lat'>&amp;</span> <span class='ocrx_word' id='word_1_490' title='bbox 327 2362 512 2393; x_wconf 82' lang='lat' dir='ltr'>Comitatum</span> <span class='ocrx_word' id='word_1_491' title='bbox 532 2359 675 2397; x_wconf 86' lang='lat' dir='ltr'>ejusdem,</span> <span class='ocrx_word' id='word_1_492' title='bbox 697 2366 731 2387; x_wconf 88' lang='lat' dir='ltr'>ac</span> <span class='ocrx_word' id='word_1_493' title='bbox 753 2357 891 2397; x_wconf 67' lang='lat' dir='ltr'>predi&amp;as</span> <span class='ocrx_word' id='word_1_494' title='bbox 914 2355 1000 2386; x_wconf 87' lang='lat' dir='ltr'>Villas</span> <span class='ocrx_word' id='word_1_495' title='bbox 1020 2356 1054 2386; x_wconf 88' lang='lat'>&amp;</span> <span class='ocrx_word' id='word_1_496' title='bbox 1074 2354 1185 2392; x_wconf 79' lang='lat' dir='ltr'>Burgos</span> <span class='ocrx_word' id='word_1_497' title='bbox 1200 2356 1236 2387; x_wconf 91' lang='lat' dir='ltr'>de</span> 
     </span>
     <span class='ocr_line' id='line_1_66' title="bbox 171 2393 1238 2444; baseline -0.011 -8"><span class='ocrx_word' id='word_1_498' title='bbox 171 2404 348 2444; x_wconf 74' lang='lat' dir='ltr'>Dorthester,</span> <span class='ocrx_word' id='word_1_499' title='bbox 370 2399 534 2437; x_wconf 51' lang='lat' dir='ltr'>niweham,</span> <span class='ocrx_word' id='word_1_500' title='bbox 561 2395 720 2436; x_wconf 76' lang='lat' dir='ltr'>Waymouth</span> <span class='ocrx_word' id='word_1_501' title='bbox 742 2418 752 2432; x_wconf 83' lang='lat'>,</span> <span class='ocrx_word' id='word_1_502' title='bbox 781 2393 929 2425; x_wconf 83' lang='lat' dir='ltr'>Melcombe</span> <span class='ocrx_word' id='word_1_503' title='bbox 958 2397 1037 2432; x_wconf 83' lang='lat' dir='ltr'>Regis</span> <span class='ocrx_word' id='word_1_504' title='bbox 1051 2418 1061 2432; x_wconf 83' lang='lat'>‚</span> <span class='ocrx_word' id='word_1_505' title='bbox 1085 2395 1238 2433; x_wconf 80' lang='lat' dir='ltr'>Bridport,</span> 
     </span>
     <span class='ocr_line' id='line_1_67' title="bbox 172 2431 1237 2485; baseline -0.013 -10"><span class='ocrx_word' id='word_1_506' title='bbox 172 2449 201 2478; x_wconf 86' lang='lat' dir='ltr'><strong><em>L</em></strong></span> <span class='ocrx_word' id='word_1_507' title='bbox 198 2456 259 2485; x_wconf 84' lang='lat' dir='ltr'>yme</span> <span class='ocrx_word' id='word_1_508' title='bbox 273 2445 368 2481; x_wconf 79' lang='lat' dir='ltr'>Regis,</span> <span class='ocrx_word' id='word_1_509' title='bbox 387 2438 474 2478; x_wconf 87' lang='lat' dir='ltr'>Corffe</span> <span class='ocrx_word' id='word_1_510' title='bbox 483 2462 492 2476; x_wconf 81' lang='lat'>,</span> <span class='ocrx_word' id='word_1_511' title='bbox 510 2434 629 2477; x_wconf 67' lang='lat' dir='ltr'>Shafton</span> <span class='ocrx_word' id='word_1_512' title='bbox 640 2436 704 2466; x_wconf 86' lang='lat' dir='ltr'>alias</span> <span class='ocrx_word' id='word_1_513' title='bbox 715 2432 896 2473; x_wconf 83' lang='lat' dir='ltr'>Shaftesbury</span> <span class='ocrx_word' id='word_1_514' title='bbox 910 2433 943 2464; x_wconf 75' lang='grc' dir='ltr'>ὅ(</span> <span class='ocrx_word' id='word_1_515' title='bbox 952 2431 1118 2472; x_wconf 79' lang='lat' dir='ltr'>Blandford</span> <span class='ocrx_word' id='word_1_516' title='bbox 1123 2436 1237 2469; x_wconf 86' lang='lat' dir='ltr'>Forum,</span> 
     </span>
     <span class='ocr_line' id='line_1_68' title="bbox 171 2470 1235 2516; baseline -0.012 0"><span class='ocrx_word' id='word_1_517' title='bbox 171 2494 242 2516; x_wconf 85' lang='lat' dir='ltr'>curn</span> <span class='ocrx_word' id='word_1_518' title='bbox 261 2481 399 2513; x_wconf 86' lang='lat' dir='ltr'>membris</span> <span class='ocrx_word' id='word_1_519' title='bbox 415 2476 588 2508; x_wconf 88' lang='lat' dir='ltr'>eorumdem</span> <span class='ocrx_word' id='word_1_520' title='bbox 602 2474 746 2511; x_wconf 70' lang='lat' dir='ltr'>reparatim</span> <span class='ocrx_word' id='word_1_521' title='bbox 757 2495 768 2512; x_wconf 90' lang='lat'>,</span> <span class='ocrx_word' id='word_1_522' title='bbox 786 2474 854 2509; x_wconf 88' lang='lat' dir='ltr'>poni</span> <span class='ocrx_word' id='word_1_523' title='bbox 870 2480 917 2503; x_wconf 86' lang='lat' dir='ltr'>aut</span> <span class='ocrx_word' id='word_1_524' title='bbox 933 2470 1042 2503; x_wconf 82' lang='lat' dir='ltr'>affideri</span> <span class='ocrx_word' id='word_1_525' title='bbox 1063 2471 1179 2502; x_wconf 87' lang='lat' dir='ltr'>debeat:</span> <span class='ocrx_word' id='word_1_526' title='bbox 1198 2471 1235 2503; x_wconf 86' lang='lat' dir='ltr'>Et</span> 
     </span>
     <span class='ocr_line' id='line_1_69' title="bbox 170 2510 1235 2559; baseline -0.013 -5"><span class='ocrx_word' id='word_1_527' title='bbox 170 2524 190 2554; x_wconf 88' lang='lat' dir='ltr'>si</span> <span class='ocrx_word' id='word_1_528' title='bbox 210 2520 374 2559; x_wconf 81' lang='lat' dir='ltr'>hujusmodi</span> <span class='ocrx_word' id='word_1_529' title='bbox 391 2516 613 2552; x_wconf 77' lang='lat' dir='ltr'>Affeffamenta‚</span> <span class='ocrx_word' id='word_1_530' title='bbox 631 2512 703 2543; x_wconf 87' lang='lat' dir='ltr'>infra</span> <span class='ocrx_word' id='word_1_531' title='bbox 717 2511 860 2550; x_wconf 64' lang='lat' dir='ltr'>predidtos</span> <span class='ocrx_word' id='word_1_532' title='bbox 875 2511 986 2548; x_wconf 82' lang='lat' dir='ltr'>triginta</span> <span class='ocrx_word' id='word_1_533' title='bbox 999 2510 1057 2541; x_wconf 89' lang='lat' dir='ltr'>dies</span> <span class='ocrx_word' id='word_1_534' title='bbox 1065 2520 1113 2547; x_wconf 87' lang='lat' dir='ltr'>per</span> <span class='ocrx_word' id='word_1_535' title='bbox 1131 2511 1235 2542; x_wconf 79' lang='lat' dir='ltr'>vossex</span> 
     </span>
     <span class='ocr_line' id='line_1_70' title="bbox 171 2548 1234 2598; baseline -0.012 -6"><span class='ocrx_word' id='word_1_536' title='bbox 171 2563 218 2593; x_wconf 91' lang='lat' dir='ltr'>vel</span> <span class='ocrx_word' id='word_1_537' title='bbox 237 2562 326 2598; x_wconf 84' lang='lat' dir='ltr'>plures</span> <span class='ocrx_word' id='word_1_538' title='bbox 341 2558 484 2592; x_wconf 89' lang='lat' dir='ltr'>vestrum,</span> <span class='ocrx_word' id='word_1_539' title='bbox 504 2553 564 2584; x_wconf 89' lang='lat' dir='ltr'>fieri</span> <span class='ocrx_word' id='word_1_540' title='bbox 587 2562 647 2582; x_wconf 88' lang='lat' dir='ltr'>non</span> <span class='ocrx_word' id='word_1_541' title='bbox 670 2550 844 2589; x_wconf 88' lang='lat' dir='ltr'>contigerint</span> <span class='ocrx_word' id='word_1_542' title='bbox 861 2571 871 2586; x_wconf 76' lang='lat'>,</span> <span class='ocrx_word' id='word_1_543' title='bbox 897 2557 968 2579; x_wconf 87' lang='lat' dir='ltr'>tunc</span> <span class='ocrx_word' id='word_1_544' title='bbox 991 2548 1190 2588; x_wconf 74' lang='lat' dir='ltr'>assignavimus</span> <span class='ocrx_word' id='word_1_545' title='bbox 1207 2558 1234 2579; x_wconf 89' lang='lat' dir='ltr'>te</span> 
     </span>
     <span class='ocr_line' id='line_1_71' title="bbox 167 2586 1233 2638; baseline -0.013 -8"><span class='ocrx_word' id='word_1_546' title='bbox 167 2600 312 2638; x_wconf 78' lang='lat' dir='ltr'>prefatum</span> <span class='ocrx_word' id='word_1_547' title='bbox 330 2595 544 2627; x_wconf 88' lang='lat' dir='ltr'>Vicecomitem</span> <span class='ocrx_word' id='word_1_548' title='bbox 567 2590 733 2621; x_wconf 86' lang='lat' dir='ltr'>Comitatus</span> <span class='ocrx_word' id='word_1_549' title='bbox 754 2588 843 2618; x_wconf 88' lang='lat' dir='ltr'>nostri</span> <span class='ocrx_word' id='word_1_550' title='bbox 859 2586 979 2626; x_wconf 65' lang='lat' dir='ltr'>Dorsbt‚</span> <span class='ocrx_word' id='word_1_551' title='bbox 995 2587 1031 2617; x_wconf 86' lang='lat' dir='ltr'>ad</span> <span class='ocrx_word' id='word_1_552' title='bbox 1055 2587 1233 2618; x_wconf 83' lang='lat' dir='ltr'>affidendum</span> 
     </span>
     <span class='ocr_line' id='line_1_72' title="bbox 168 2624 1235 2676; baseline -0.013 -7"><span class='ocrx_word' id='word_1_553' title='bbox 168 2636 332 2676; x_wconf 77' lang='lat' dir='ltr'>hujusmodi</span> <span class='ocrx_word' id='word_1_554' title='bbox 348 2636 427 2672; x_wconf 86' lang='lat' dir='ltr'>super</span> <span class='ocrx_word' id='word_1_555' title='bbox 443 2631 579 2669; x_wconf 58' lang='lat' dir='ltr'>predic-tas</span> <span class='ocrx_word' id='word_1_556' title='bbox 595 2629 681 2659; x_wconf 87' lang='lat' dir='ltr'>Villas</span> <span class='ocrx_word' id='word_1_557' title='bbox 698 2629 731 2659; x_wconf 91' lang='lat'>&amp;</span> <span class='ocrx_word' id='word_1_558' title='bbox 746 2626 802 2657; x_wconf 87' lang='lat' dir='ltr'>Bur</span> <span class='ocrx_word' id='word_1_559' title='bbox 822 2636 872 2663; x_wconf 92' lang='lat' dir='ltr'>os,</span> <span class='ocrx_word' id='word_1_560' title='bbox 889 2635 960 2656; x_wconf 89' lang='lat' dir='ltr'>cum</span> <span class='ocrx_word' id='word_1_561' title='bbox 983 2624 1136 2657; x_wconf 83' lang='lat' dir='ltr'>Comitatu</span> <span class='ocrx_word' id='word_1_562' title='bbox 1159 2626 1235 2657; x_wconf 88' lang='lat' dir='ltr'>Ville</span> 
     </span>
     <span class='ocr_line' id='line_1_73' title="bbox 173 2665 1234 2709; baseline -0.011 -3"><span class='ocrx_word' id='word_1_563' title='bbox 173 2680 209 2709; x_wconf 86' lang='lat' dir='ltr'>de</span> <span class='ocrx_word' id='word_1_564' title='bbox 226 2675 304 2706; x_wconf 69' lang='lat' dir='ltr'>Povle</span> <span class='ocrx_word' id='word_1_565' title='bbox 318 2674 351 2704; x_wconf 76' lang='grc' dir='ltr'>δι</span> <span class='ocrx_word' id='word_1_566' title='bbox 365 2671 501 2703; x_wconf 89' lang='lat' dir='ltr'>membris</span> <span class='ocrx_word' id='word_1_567' title='bbox 524 2668 695 2698; x_wconf 88' lang='lat' dir='ltr'>eorumdem</span> <span class='ocrx_word' id='word_1_568' title='bbox 709 2666 800 2696; x_wconf 87' lang='lat' dir='ltr'>facien</span> <span class='ocrx_word' id='word_1_569' title='bbox 822 2676 853 2703; x_wconf 81' lang='lat' dir='ltr'>a,</span> <span class='ocrx_word' id='word_1_570' title='bbox 872 2673 957 2704; x_wconf 89' lang='lat' dir='ltr'>prout</span> <span class='ocrx_word' id='word_1_571' title='bbox 971 2665 1170 2695; x_wconf 81' lang='lat' dir='ltr'>rationabiliter</span> <span class='ocrx_word' id='word_1_572' title='bbox 1192 2666 1234 2695; x_wconf 81' lang='lat' dir='ltr'>vi-</span> 
     </span>
     <span class='ocr_line' id='line_1_74' title="bbox 171 2702 1234 2748; baseline -0.016 -1"><span class='ocrx_word' id='word_1_573' title='bbox 171 2717 245 2747; x_wconf 77' lang='lat' dir='ltr'>deris</span> <span class='ocrx_word' id='word_1_574' title='bbox 258 2712 442 2748; x_wconf 76' lang='lat' dir='ltr'>faciendum,</span> <span class='ocrx_word' id='word_1_575' title='bbox 465 2708 500 2737; x_wconf 79' lang='lat' dir='ltr'>Et</span> <span class='ocrx_word' id='word_1_576' title='bbox 518 2706 649 2736; x_wconf 81' lang='lat' dir='ltr'>volumus</span> <span class='ocrx_word' id='word_1_577' title='bbox 660 2705 739 2743; x_wconf 89' lang='lat' dir='ltr'>quod</span> <span class='ocrx_word' id='word_1_578' title='bbox 754 2704 790 2733; x_wconf 92' lang='lat' dir='ltr'>de</span> <span class='ocrx_word' id='word_1_579' title='bbox 803 2712 867 2733; x_wconf 90' lang='lat' dir='ltr'>toto</span> <span class='ocrx_word' id='word_1_580' title='bbox 883 2702 960 2732; x_wconf 60' lang='lat' dir='ltr'>faesio</span> <span class='ocrx_word' id='word_1_581' title='bbox 977 2710 1045 2739; x_wconf 86' lang='lat' dir='ltr'>tu0,</span> <span class='ocrx_word' id='word_1_582' title='bbox 1065 2711 1094 2732; x_wconf 91' lang='lat' dir='ltr'>tu</span> <span class='ocrx_word' id='word_1_583' title='bbox 1110 2703 1234 2739; x_wconf 77' lang='lat' dir='ltr'>prefatus</span> 
     </span>
     <span class='ocr_line' id='line_1_75' title="bbox 169 2739 1231 2786; baseline -0.019 0"><span class='ocrx_word' id='word_1_584' title='bbox 169 2754 345 2786; x_wconf 89' lang='lat' dir='ltr'>Vicecomes</span> <span class='ocrx_word' id='word_1_585' title='bbox 363 2747 464 2786; x_wconf 63' lang='lat' dir='ltr'>Dorlbt</span> <span class='ocrx_word' id='word_1_586' title='bbox 481 2746 531 2776; x_wconf 85' lang='lat' dir='ltr'>sub</span> <span class='ocrx_word' id='word_1_587' title='bbox 548 2744 646 2782; x_wconf 87' lang='lat' dir='ltr'>Sigillo</span> <span class='ocrx_word' id='word_1_588' title='bbox 662 2752 714 2773; x_wconf 92' lang='lat' dir='ltr'>tuo</span> <span class='ocrx_word' id='word_1_589' title='bbox 730 2742 874 2780; x_wconf 66' lang='lat' dir='ltr'>predistos</span> <span class='ocrx_word' id='word_1_590' title='bbox 895 2739 1040 2779; x_wconf 75' lang='lat' dir='ltr'>Maiores,</span> <span class='ocrx_word' id='word_1_591' title='bbox 1058 2739 1179 2772; x_wconf 73' lang='lat' dir='ltr'>Ballivos</span> <span class='ocrx_word' id='word_1_592' title='bbox 1199 2744 1231 2772; x_wconf 60' lang='grc' dir='ltr'>ὃς</span> 
     </span>
     <span class='ocr_line' id='line_1_76' title="bbox 170 2780 890 2825; baseline -0.024 0"><span class='ocrx_word' id='word_1_593' title='bbox 170 2790 387 2825; x_wconf 81' lang='lat' dir='ltr'>Vicecomitem</span> <span class='ocrx_word' id='word_1_594' title='bbox 402 2785 477 2818; x_wconf 86' lang='lat' dir='ltr'>Ville</span> <span class='ocrx_word' id='word_1_595' title='bbox 492 2785 527 2815; x_wconf 90' lang='lat' dir='ltr'>de</span> <span class='ocrx_word' id='word_1_596' title='bbox 545 2781 622 2812; x_wconf 81' lang='lat' dir='ltr'>Poole</span> <span class='ocrx_word' id='word_1_597' title='bbox 637 2780 734 2811; x_wconf 87' lang='lat' dir='ltr'>reddas</span> <span class='ocrx_word' id='word_1_598' title='bbox 748 2781 890 2810; x_wconf 83' lang='lat' dir='ltr'>certiores.</span> 
     </span>
     <span class='ocr_line' id='line_1_77' title="bbox 166 2816 1235 2869; baseline -0.013 -7"><span class='ocrx_word' id='word_1_599' title='bbox 166 2820 169 2831; x_wconf 60' lang='grc'><em>“</em></span> <span class='ocrx_word' id='word_1_600' title='bbox 208 2830 417 2869; x_wconf 81' lang='lat' dir='ltr'>Affignavimus</span> <span class='ocrx_word' id='word_1_601' title='bbox 433 2825 520 2855; x_wconf 86' lang='lat' dir='ltr'>etiam</span> <span class='ocrx_word' id='word_1_602' title='bbox 537 2831 592 2852; x_wconf 84' lang='lat' dir='ltr'>vos</span> <span class='ocrx_word' id='word_1_603' title='bbox 608 2818 731 2859; x_wconf 82' lang='lat' dir='ltr'>prefatos</span> <span class='ocrx_word' id='word_1_604' title='bbox 744 2817 890 2862; x_wconf 78' lang='lat' dir='ltr'>Majorem</span> <span class='ocrx_word' id='word_1_605' title='bbox 904 2816 1162 2848; x_wconf 86' lang='lat' dir='ltr'>&amp;Vicecomitem</span> <span class='ocrx_word' id='word_1_606' title='bbox 1173 2817 1235 2848; x_wconf 75' lang='lat' dir='ltr'>Vil-</span> 
     </span>
     <span class='ocr_line' id='line_1_78' title="bbox 170 2855 1232 2904; baseline -0.018 0"><span class='ocrx_word' id='word_1_607' title='bbox 170 2872 197 2904; x_wconf 88' lang='lat' dir='ltr'>le</span> <span class='ocrx_word' id='word_1_608' title='bbox 212 2871 249 2902; x_wconf 90' lang='lat' dir='ltr'>de</span> <span class='ocrx_word' id='word_1_609' title='bbox 267 2867 344 2899; x_wconf 74' lang='lat' dir='ltr'>Paule</span> <span class='ocrx_word' id='word_1_610' title='bbox 360 2867 394 2897; x_wconf 91' lang='lat' dir='ltr'>ad</span> <span class='ocrx_word' id='word_1_611' title='bbox 412 2860 585 2894; x_wconf 78' lang='lat' dir='ltr'>assidendum</span> <span class='ocrx_word' id='word_1_612' title='bbox 599 2868 701 2889; x_wconf 90' lang='lat' dir='ltr'>omnes</span> <span class='ocrx_word' id='word_1_613' title='bbox 708 2857 841 2887; x_wconf 86' lang='lat' dir='ltr'>homines</span> <span class='ocrx_word' id='word_1_614' title='bbox 855 2865 884 2886; x_wconf 83' lang='lat' dir='ltr'>in</span> <span class='ocrx_word' id='word_1_615' title='bbox 898 2856 998 2886; x_wconf 84' lang='lat' dir='ltr'>eadem</span> <span class='ocrx_word' id='word_1_616' title='bbox 1008 2856 1079 2886; x_wconf 91' lang='lat' dir='ltr'>Villa</span> <span class='ocrx_word' id='word_1_617' title='bbox 1093 2859 1126 2888; x_wconf 84' lang='lat'>&amp;</span> <span class='ocrx_word' id='word_1_618' title='bbox 1142 2855 1232 2886; x_wconf 65' lang='lat' dir='ltr'>memL</span> 
     </span>
     <span class='ocr_line' id='line_1_79' title="bbox 170 2894 1234 2946; baseline -0.02 -5"><span class='ocrx_word' id='word_1_619' title='bbox 170 2911 229 2941; x_wconf 88' lang='lat' dir='ltr'>bris</span> <span class='ocrx_word' id='word_1_620' title='bbox 241 2907 362 2946; x_wconf 84' lang='lat' dir='ltr'>ejusdem</span> <span class='ocrx_word' id='word_1_621' title='bbox 376 2905 409 2934; x_wconf 87' lang='lat'>&amp;</span> <span class='ocrx_word' id='word_1_622' title='bbox 425 2903 452 2932; x_wconf 88' lang='lat' dir='ltr'>in</span> <span class='ocrx_word' id='word_1_623' title='bbox 472 2899 621 2931; x_wconf 90' lang='lat' dir='ltr'>Comitatu</span> <span class='ocrx_word' id='word_1_624' title='bbox 642 2895 768 2934; x_wconf 84' lang='lat' dir='ltr'>eiusdem</span> <span class='ocrx_word' id='word_1_625' title='bbox 785 2895 874 2932; x_wconf 90' lang='lat' dir='ltr'>Ville,</span> <span class='ocrx_word' id='word_1_626' title='bbox 892 2895 925 2926; x_wconf 91' lang='lat'><strong>&amp;</strong></span> <span class='ocrx_word' id='word_1_627' title='bbox 946 2894 1037 2928; x_wconf 81' lang='lat' dir='ltr'>Terre</span> <span class='ocrx_word' id='word_1_628' title='bbox 1061 2903 1187 2926; x_wconf 74' lang='lat' dir='ltr'>tenentes</span> <span class='ocrx_word' id='word_1_629' title='bbox 1206 2896 1234 2924; x_wconf 82' lang='lat' dir='ltr'>in</span> 
     </span>
     <span class='ocr_line' id='line_1_80' title="bbox 172 2932 1240 2983; baseline -0.017 -4"><span class='ocrx_word' id='word_1_630' title='bbox 172 2948 296 2983; x_wconf 66' lang='lat' dir='ltr'>eisdem,</span> <span class='ocrx_word' id='word_1_631' title='bbox 314 2944 436 2974; x_wconf 84' lang='lat' dir='ltr'>Navem</span> <span class='ocrx_word' id='word_1_632' title='bbox 452 2939 496 2969; x_wconf 88' lang='lat' dir='ltr'>vel</span> <span class='ocrx_word' id='word_1_633' title='bbox 512 2946 619 2976; x_wconf 77' lang='lat' dir='ltr'>partem</span> <span class='ocrx_word' id='word_1_634' title='bbox 637 2934 734 2965; x_wconf 90' lang='lat' dir='ltr'>Navis</span> <span class='ocrx_word' id='word_1_635' title='bbox 747 2933 873 2971; x_wconf 63' lang='lat' dir='ltr'>predicte</span> <span class='ocrx_word' id='word_1_636' title='bbox 889 2943 949 2963; x_wconf 89' lang='lat' dir='ltr'>non</span> <span class='ocrx_word' id='word_1_637' title='bbox 974 2932 1127 2969; x_wconf 77' lang='lat' dir='ltr'>habentes,</span> <span class='ocrx_word' id='word_1_638' title='bbox 1143 2934 1187 2963; x_wconf 85' lang='lat' dir='ltr'>vel</span> <span class='ocrx_word' id='word_1_639' title='bbox 1207 2935 1240 2963; x_wconf 90' lang='lat' dir='ltr'>in</span> 
     </span>
     <span class='ocr_line' id='line_1_81' title="bbox 170 2970 1237 3018; baseline -0.022 0"><span class='ocrx_word' id='word_1_640' title='bbox 170 2987 276 3018; x_wconf 85' lang='lat' dir='ltr'>eisdem</span> <span class='ocrx_word' id='word_1_641' title='bbox 293 2993 354 3014; x_wconf 86' lang='lat' dir='ltr'>non</span> <span class='ocrx_word' id='word_1_642' title='bbox 370 2979 573 3013; x_wconf 81' lang='lat' dir='ltr'>deservienteS,</span> <span class='ocrx_word' id='word_1_643' title='bbox 592 2975 626 3005; x_wconf 89' lang='lat' dir='ltr'>ad</span> <span class='ocrx_word' id='word_1_644' title='bbox 640 2972 883 3004; x_wconf 86' lang='lat' dir='ltr'>contribuendum</span> <span class='ocrx_word' id='word_1_645' title='bbox 900 2971 1034 3008; x_wconf 68' lang='lat' dir='ltr'>Expensis</span> <span class='ocrx_word' id='word_1_646' title='bbox 1049 2973 1125 3001; x_wconf 90' lang='lat' dir='ltr'>circa</span> <span class='ocrx_word' id='word_1_647' title='bbox 1134 2970 1237 3002; x_wconf 78' lang='lat' dir='ltr'>Provi-</span> 
     </span>
     <span class='ocr_line' id='line_1_82' title="bbox 170 3009 1236 3057; baseline -0.014 -1"><span class='ocrx_word' id='word_1_648' title='bbox 170 3026 281 3057; x_wconf 79' lang='lat' dir='ltr'>sionem</span> <span class='ocrx_word' id='word_1_649' title='bbox 298 3019 499 3053; x_wconf 77' lang='lat' dir='ltr'>premissorum</span> <span class='ocrx_word' id='word_1_650' title='bbox 522 3013 698 3049; x_wconf 79' lang='lat' dir='ltr'>necessariis,</span> <span class='ocrx_word' id='word_1_651' title='bbox 718 3012 750 3042; x_wconf 90' lang='lat'>&amp;</span> <span class='ocrx_word' id='word_1_652' title='bbox 767 3011 850 3048; x_wconf 85' lang='lat' dir='ltr'>super</span> <span class='ocrx_word' id='word_1_653' title='bbox 869 3009 1026 3049; x_wconf 63' lang='lat' dir='ltr'>predictam</span> <span class='ocrx_word' id='word_1_654' title='bbox 1045 3009 1147 3040; x_wconf 80' lang='lat' dir='ltr'>Villam</span> <span class='ocrx_word' id='word_1_655' title='bbox 1166 3020 1236 3041; x_wconf 92' lang='lat' dir='ltr'>cum</span> 
     </span>
     <span class='ocr_line' id='line_1_83' title="bbox 165 3048 1238 3096; baseline -0.015 -1"><span class='ocrx_word' id='word_1_656' title='bbox 165 3063 320 3096; x_wconf 82' lang='lat' dir='ltr'>&#39;Membris</span> <span class='ocrx_word' id='word_1_657' title='bbox 335 3063 366 3092; x_wconf 84' lang='lat'>&amp;</span> <span class='ocrx_word' id='word_1_658' title='bbox 377 3057 529 3088; x_wconf 77' lang='lat' dir='ltr'>Comitatu</span> <span class='ocrx_word' id='word_1_659' title='bbox 537 3051 661 3090; x_wconf 84' lang='lat' dir='ltr'>ejusdem</span> <span class='ocrx_word' id='word_1_660' title='bbox 671 3074 681 3089; x_wconf 91' lang='lat'>,</span> <span class='ocrx_word' id='word_1_661' title='bbox 699 3049 947 3088; x_wconf 87' lang='lat' dir='ltr'>sic,utprefertur,</span> <span class='ocrx_word' id='word_1_662' title='bbox 959 3048 1128 3078; x_wconf 71' lang='lat' dir='ltr'>afficiendam</span> <span class='ocrx_word' id='word_1_663' title='bbox 1143 3049 1174 3079; x_wconf 72' lang='grc' dir='ltr'>δε</span> <span class='ocrx_word' id='word_1_664' title='bbox 1185 3059 1238 3086; x_wconf 83' lang='lat' dir='ltr'>po-</span> 
     </span>
     <span class='ocr_line' id='line_1_84' title="bbox 173 3086 1239 3138; baseline -0.008 -13"><span class='ocrx_word' id='word_1_665' title='bbox 173 3104 317 3138; x_wconf 47' lang='lat' dir='ltr'>nendam,</span> <span class='ocrx_word' id='word_1_666' title='bbox 336 3098 483 3129; x_wconf 78' lang='lat' dir='ltr'>videlicet,</span> <span class='ocrx_word' id='word_1_667' title='bbox 503 3092 657 3131; x_wconf 79' lang='lat' dir='ltr'>quemlibet</span> <span class='ocrx_word' id='word_1_668' title='bbox 669 3098 773 3120; x_wconf 91' lang='lat' dir='ltr'>eorum</span> <span class='ocrx_word' id='word_1_669' title='bbox 790 3089 867 3125; x_wconf 81' lang='lat' dir='ltr'>juxta</span> <span class='ocrx_word' id='word_1_670' title='bbox 881 3087 983 3117; x_wconf 86' lang='lat' dir='ltr'>statum</span> <span class='ocrx_word' id='word_1_671' title='bbox 998 3086 1078 3116; x_wconf 87' lang='lat' dir='ltr'>suum</span> <span class='ocrx_word' id='word_1_672' title='bbox 1101 3088 1134 3117; x_wconf 73' lang='grc' dir='ltr'>δε</span> <span class='ocrx_word' id='word_1_673' title='bbox 1149 3088 1239 3118; x_wconf 74' lang='lat' dir='ltr'>facul-</span> 
     </span>
     <span class='ocr_line' id='line_1_85' title="bbox 178 3124 1239 3175; baseline -0.006 -12"><span class='ocrx_word' id='word_1_674' title='bbox 178 3150 248 3173; x_wconf 83' lang='lat' dir='ltr'>tates</span> <span class='ocrx_word' id='word_1_675' title='bbox 263 3140 320 3169; x_wconf 64' lang='lat' dir='ltr'>suas</span> <span class='ocrx_word' id='word_1_676' title='bbox 329 3161 338 3175; x_wconf 55' lang='lat'>7</span> <span class='ocrx_word' id='word_1_677' title='bbox 353 3139 386 3169; x_wconf 83' lang='lat'>&amp;</span> <span class='ocrx_word' id='word_1_678' title='bbox 400 3135 544 3173; x_wconf 84' lang='lat' dir='ltr'>portiones</span> <span class='ocrx_word' id='word_1_679' title='bbox 559 3130 637 3168; x_wconf 86' lang='lat' dir='ltr'>super</span> <span class='ocrx_word' id='word_1_680' title='bbox 652 3128 723 3165; x_wconf 89' lang='lat' dir='ltr'>ipsos</span> <span class='ocrx_word' id='word_1_681' title='bbox 735 3126 840 3156; x_wconf 69' lang='lat' dir='ltr'>affeilas</span> <span class='ocrx_word' id='word_1_682' title='bbox 849 3149 858 3163; x_wconf 88' lang='lat'>,</span> <span class='ocrx_word' id='word_1_683' title='bbox 872 3136 922 3164; x_wconf 89' lang='lat' dir='ltr'>per</span> <span class='ocrx_word' id='word_1_684' title='bbox 934 3124 1124 3155; x_wconf 68' lang='lat' dir='ltr'>distristiones</span> <span class='ocrx_word' id='word_1_685' title='bbox 1136 3127 1239 3157; x_wconf 74' lang='lat' dir='ltr'>aliosve</span> 
     </span>
     <span class='ocr_line' id='line_1_86' title="bbox 177 3164 1238 3211; baseline -0.012 -3"><span class='ocrx_word' id='word_1_686' title='bbox 177 3189 282 3211; x_wconf 64' lang='lat' dir='ltr'>monos</span> <span class='ocrx_word' id='word_1_687' title='bbox 303 3177 416 3206; x_wconf 84' lang='lat' dir='ltr'>debitos</span> <span class='ocrx_word' id='word_1_688' title='bbox 435 3170 583 3206; x_wconf 70' lang='lat' dir='ltr'>levandaS,</span> <span class='ocrx_word' id='word_1_689' title='bbox 600 3168 634 3198; x_wconf 89' lang='lat'>&amp;</span> <span class='ocrx_word' id='word_1_690' title='bbox 658 3165 837 3196; x_wconf 63' lang='lat' dir='ltr'>Colleemres</span> <span class='ocrx_word' id='word_1_691' title='bbox 859 3165 888 3194; x_wconf 90' lang='lat' dir='ltr'>in</span> <span class='ocrx_word' id='word_1_692' title='bbox 913 3164 966 3193; x_wconf 86' lang='lat' dir='ltr'>hac</span> <span class='ocrx_word' id='word_1_693' title='bbox 984 3172 1061 3200; x_wconf 83' lang='lat' dir='ltr'>parte</span> <span class='ocrx_word' id='word_1_694' title='bbox 1082 3166 1238 3195; x_wconf 76' lang='lat' dir='ltr'>nominari·-</span> 
     </span>
     <span class='ocr_line' id='line_1_87' title="bbox 178 3201 1239 3248; baseline -0.014 0"><span class='ocrx_word' id='word_1_695' title='bbox 178 3219 250 3248; x_wconf 88' lang='lat' dir='ltr'>dum</span> <span class='ocrx_word' id='word_1_696' title='bbox 266 3218 299 3246; x_wconf 74' lang='grc' dir='ltr'>δε</span> <span class='ocrx_word' id='word_1_697' title='bbox 313 3210 565 3245; x_wconf 86' lang='lat' dir='ltr'>constituendum,</span> <span class='ocrx_word' id='word_1_698' title='bbox 582 3206 615 3237; x_wconf 87' lang='lat'>&amp;</span> <span class='ocrx_word' id='word_1_699' title='bbox 629 3214 732 3235; x_wconf 85' lang='lat' dir='ltr'>omnes</span> <span class='ocrx_word' id='word_1_700' title='bbox 743 3213 791 3234; x_wconf 83' lang='lat' dir='ltr'>eos</span> <span class='ocrx_word' id='word_1_701' title='bbox 803 3213 874 3241; x_wconf 88' lang='lat' dir='ltr'>quos</span> <span class='ocrx_word' id='word_1_702' title='bbox 891 3201 1024 3232; x_wconf 85' lang='lat' dir='ltr'>Rebelles</span> <span class='ocrx_word' id='word_1_703' title='bbox 1034 3204 1066 3232; x_wconf 69' lang='grc' dir='ltr'>ὅ(</span> <span class='ocrx_word' id='word_1_704' title='bbox 1082 3204 1239 3233; x_wconf 77' lang='lat' dir='ltr'>contrarios</span> 
     </span>
     <span class='ocr_line' id='line_1_88' title="bbox 180 3240 1240 3288; baseline -0.013 -3"><span class='ocrx_word' id='word_1_705' title='bbox 180 3254 323 3288; x_wconf 85' lang='lat' dir='ltr'>inveneris</span> <span class='ocrx_word' id='word_1_706' title='bbox 339 3253 367 3282; x_wconf 64' lang='lat' dir='ltr'>&#39;in</span> <span class='ocrx_word' id='word_1_707' title='bbox 382 3247 524 3280; x_wconf 78' lang='lat' dir='ltr'>Prennffis</span> <span class='ocrx_word' id='word_1_708' title='bbox 542 3245 660 3276; x_wconf 78' lang='lat' dir='ltr'>Carceri</span> <span class='ocrx_word' id='word_1_709' title='bbox 676 3241 911 3279; x_wconf 83' lang='lat' dir='ltr'>mancipandum,</span> <span class='ocrx_word' id='word_1_710' title='bbox 928 3241 957 3270; x_wconf 89' lang='lat' dir='ltr'>in</span> <span class='ocrx_word' id='word_1_711' title='bbox 965 3240 1063 3270; x_wconf 85' lang='lat' dir='ltr'>eadem</span> <span class='ocrx_word' id='word_1_712' title='bbox 1079 3250 1240 3271; x_wconf 85' lang='lat' dir='ltr'>moraturos</span> 
     </span>
     <span class='ocr_line' id='line_1_89' title="bbox 181 3279 1228 3334; baseline -0.014 -10"><span class='ocrx_word' id='word_1_713' title='bbox 181 3293 327 3334; x_wconf 78' lang='lat' dir='ltr'>quousque</span> <span class='ocrx_word' id='word_1_714' title='bbox 343 3300 393 3327; x_wconf 85' lang='lat' dir='ltr'>pro</span> <span class='ocrx_word' id='word_1_715' title='bbox 409 3297 510 3319; x_wconf 79' lang='lat' dir='ltr'>coium</span> <span class='ocrx_word' id='word_1_716' title='bbox 526 3282 728 3314; x_wconf 83' lang='lat' dir='ltr'>deliberatione</span> <span class='ocrx_word' id='word_1_717' title='bbox 741 3281 853 3310; x_wconf 88' lang='lat' dir='ltr'>ulterius</span> <span class='ocrx_word' id='word_1_718' title='bbox 861 3279 1025 3309; x_wconf 83' lang='lat' dir='ltr'>duxerimus</span> <span class='ocrx_word' id='word_1_719' title='bbox 1039 3279 1228 3309; x_wconf 83' lang='lat' dir='ltr'>ordinandum</span> 
     </span>
    </p>

    <p class='ocr_par' dir='ltr' id='par_1_15' title="bbox 181 3317 1245 3828">
     <span class='ocr_line' id='line_1_90' title="bbox 220 3317 1240 3368; baseline -0.017 -6"><span class='ocrx_word' id='word_1_720' title='bbox 220 3329 425 3368; x_wconf 82' lang='lat' dir='ltr'>Affignavimus</span> <span class='ocrx_word' id='word_1_721' title='bbox 438 3327 524 3356; x_wconf 85' lang='lat' dir='ltr'>etiam</span> <span class='ocrx_word' id='word_1_722' title='bbox 539 3333 566 3353; x_wconf 92' lang='lat' dir='ltr'>te</span> <span class='ocrx_word' id='word_1_723' title='bbox 581 3320 718 3358; x_wconf 82' lang='lat' dir='ltr'>prefatum</span> <span class='ocrx_word' id='word_1_724' title='bbox 734 3318 872 3355; x_wconf 76' lang='lat' dir='ltr'>Majorem</span> <span class='ocrx_word' id='word_1_725' title='bbox 887 3319 974 3353; x_wconf 80' lang='lat' dir='ltr'>Burgi</span> <span class='ocrx_word' id='word_1_726' title='bbox 984 3317 1015 3345; x_wconf 83' lang='lat' dir='ltr'>de</span> <span class='ocrx_word' id='word_1_727' title='bbox 1031 3317 1190 3356; x_wconf 73' lang='lat' dir='ltr'>Dorchester</span> <span class='ocrx_word' id='word_1_728' title='bbox 1206 3318 1240 3348; x_wconf 83' lang='lat' dir='ltr'>ad</span> 
     </span>
     <span class='ocr_line' id='line_1_91' title="bbox 183 3356 1240 3405; baseline -0.011 -6"><span class='ocrx_word' id='word_1_729' title='bbox 183 3368 361 3405; x_wconf 65' lang='lat' dir='ltr'>assidendum</span> <span class='ocrx_word' id='word_1_730' title='bbox 375 3375 474 3395; x_wconf 55' lang='lat' dir='ltr'>omnes·</span> <span class='ocrx_word' id='word_1_731' title='bbox 489 3362 620 3392; x_wconf 81' lang='lat' dir='ltr'>homines</span> <span class='ocrx_word' id='word_1_732' title='bbox 641 3360 670 3388; x_wconf 87' lang='lat' dir='ltr'>iti</span> <span class='ocrx_word' id='word_1_733' title='bbox 685 3358 815 3396; x_wconf 62' lang='lat' dir='ltr'>predicto</span> <span class='ocrx_word' id='word_1_734' title='bbox 832 3356 928 3391; x_wconf 76' lang='lat' dir='ltr'>Burgo</span> <span class='ocrx_word' id='word_1_735' title='bbox 946 3362 978 3385; x_wconf 73' lang='lat' dir='ltr'>oc</span> <span class='ocrx_word' id='word_1_736' title='bbox 1006 3356 1144 3386; x_wconf 86' lang='lat' dir='ltr'>membris</span> <span class='ocrx_word' id='word_1_737' title='bbox 1170 3358 1240 3394; x_wconf 86' lang='lat' dir='ltr'>ejus-</span> 
     </span>
     <span class='ocr_line' id='line_1_92' title="bbox 181 3393 1242 3445; baseline -0.009 -9"><span class='ocrx_word' id='word_1_738' title='bbox 181 3413 272 3445; x_wconf 75' lang='lat' dir='ltr'>dem,</span> <span class='ocrx_word' id='word_1_739' title='bbox 297 3407 330 3437; x_wconf 87' lang='lat'>&amp;</span> <span class='ocrx_word' id='word_1_740' title='bbox 354 3405 574 3434; x_wconf 81' lang='lat' dir='ltr'>Ten-etenentes</span> <span class='ocrx_word' id='word_1_741' title='bbox 599 3399 628 3427; x_wconf 90' lang='lat' dir='ltr'>in</span> <span class='ocrx_word' id='word_1_742' title='bbox 652 3397 776 3433; x_wconf 86' lang='lat' dir='ltr'>eadem,</span> <span class='ocrx_word' id='word_1_743' title='bbox 808 3394 927 3425; x_wconf 79' lang='lat' dir='ltr'>Navem</span> <span class='ocrx_word' id='word_1_744' title='bbox 950 3393 994 3422; x_wconf 90' lang='lat' dir='ltr'>vel</span> <span class='ocrx_word' id='word_1_745' title='bbox 1016 3402 1121 3432; x_wconf 79' lang='lat' dir='ltr'>partem</span> <span class='ocrx_word' id='word_1_746' title='bbox 1147 3394 1242 3426; x_wconf 86' lang='lat' dir='ltr'>Navis</span> 
     </span>
     <span class='ocr_line' id='line_1_93' title="bbox 182 3430 1242 3489; baseline -0.011 -13"><span class='ocrx_word' id='word_1_747' title='bbox 182 3447 311 3489; x_wconf 60' lang='lat' dir='ltr'>predicte</span> <span class='ocrx_word' id='word_1_748' title='bbox 324 3453 383 3474; x_wconf 87' lang='lat' dir='ltr'>non</span> <span class='ocrx_word' id='word_1_749' title='bbox 399 3442 550 3475; x_wconf 63' lang='lat' dir='ltr'>hal-sentes,</span> <span class='ocrx_word' id='word_1_750' title='bbox 574 3437 618 3467; x_wconf 93' lang='lat' dir='ltr'>vel</span> <span class='ocrx_word' id='word_1_751' title='bbox 639 3437 668 3466; x_wconf 91' lang='lat' dir='ltr'>in</span> <span class='ocrx_word' id='word_1_752' title='bbox 691 3435 795 3475; x_wconf 85' lang='lat' dir='ltr'>eisdem</span> <span class='ocrx_word' id='word_1_753' title='bbox 821 3443 882 3463; x_wconf 90' lang='lat' dir='ltr'>non</span> <span class='ocrx_word' id='word_1_754' title='bbox 899 3430 1100 3476; x_wconf 82' lang='lat' dir='ltr'>deservientes,</span> <span class='ocrx_word' id='word_1_755' title='bbox 1117 3433 1151 3462; x_wconf 89' lang='lat' dir='ltr'>ad</span> <span class='ocrx_word' id='word_1_756' title='bbox 1168 3443 1242 3464; x_wconf 90' lang='lat' dir='ltr'>con-</span> 
     </span>
     <span class='ocr_line' id='line_1_94' title="bbox 184 3470 1245 3520; baseline -0.013 -4"><span class='ocrx_word' id='word_1_757' title='bbox 184 3484 370 3520; x_wconf 70' lang='lat' dir='ltr'>tribuendum</span> <span class='ocrx_word' id='word_1_758' title='bbox 387 3479 517 3517; x_wconf 71' lang='lat' dir='ltr'>hxpenlis</span> <span class='ocrx_word' id='word_1_759' title='bbox 529 3479 605 3508; x_wconf 86' lang='lat' dir='ltr'>circa</span> <span class='ocrx_word' id='word_1_760' title='bbox 619 3474 818 3506; x_wconf 85' lang='lat' dir='ltr'>Provilionem</span> <span class='ocrx_word' id='word_1_761' title='bbox 837 3471 1033 3511; x_wconf 65' lang='lat' dir='ltr'>premsslorum</span> <span class='ocrx_word' id='word_1_762' title='bbox 1052 3470 1245 3511; x_wconf 75' lang='lat' dir='ltr'>necessariam,</span> 
     </span>
     <span class='ocr_line' id='line_1_95' title="bbox 187 3508 1243 3563; baseline -0.02 -7"><span class='ocrx_word' id='word_1_763' title='bbox 187 3529 221 3558; x_wconf 68' lang='grc' dir='ltr'>ὃ(</span> <span class='ocrx_word' id='word_1_764' title='bbox 238 3526 316 3563; x_wconf 86' lang='lat' dir='ltr'>super</span> <span class='ocrx_word' id='word_1_765' title='bbox 333 3518 489 3559; x_wconf 58' lang='lat' dir='ltr'>predictum</span> <span class='ocrx_word' id='word_1_766' title='bbox 507 3515 628 3553; x_wconf 81' lang='lat' dir='ltr'>Burgum</span> <span class='ocrx_word' id='word_1_767' title='bbox 647 3523 718 3544; x_wconf 88' lang='lat' dir='ltr'>cum</span> <span class='ocrx_word' id='word_1_768' title='bbox 733 3511 869 3541; x_wconf 84' lang='lat' dir='ltr'>membris</span> <span class='ocrx_word' id='word_1_769' title='bbox 881 3508 1001 3551; x_wconf 83' lang='lat' dir='ltr'>ejuldem</span> <span class='ocrx_word' id='word_1_770' title='bbox 1012 3531 1022 3546; x_wconf 86' lang='lat'>,</span> <span class='ocrx_word' id='word_1_771' title='bbox 1038 3508 1076 3538; x_wconf 89' lang='lat' dir='ltr'>sic</span> <span class='ocrx_word' id='word_1_772' title='bbox 1092 3518 1123 3539; x_wconf 92' lang='lat' dir='ltr'>ut</span> <span class='ocrx_word' id='word_1_773' title='bbox 1137 3512 1243 3548; x_wconf 76' lang='lat' dir='ltr'>prefer-</span> 
     </span>
     <span class='ocr_line' id='line_1_96' title="bbox 187 3547 1242 3596; baseline -0.016 -1"><span class='ocrx_word' id='word_1_774' title='bbox 187 3575 234 3596; x_wconf 86' lang='lat' dir='ltr'>tur</span> <span class='ocrx_word' id='word_1_775' title='bbox 266 3558 441 3593; x_wconf 76' lang='lat' dir='ltr'>afficiendum</span> <span class='ocrx_word' id='word_1_776' title='bbox 463 3554 495 3584; x_wconf 91' lang='lat'>&amp;</span> <span class='ocrx_word' id='word_1_777' title='bbox 509 3552 694 3591; x_wconf 86' lang='lat' dir='ltr'>ponendum,</span> <span class='ocrx_word' id='word_1_778' title='bbox 709 3549 862 3586; x_wconf 84' lang='lat' dir='ltr'>videlicet,</span> <span class='ocrx_word' id='word_1_779' title='bbox 878 3547 1035 3589; x_wconf 80' lang='lat' dir='ltr'>quemlibet</span> <span class='ocrx_word' id='word_1_780' title='bbox 1047 3556 1148 3577; x_wconf 87' lang='lat' dir='ltr'>eorum</span> <span class='ocrx_word' id='word_1_781' title='bbox 1164 3550 1242 3586; x_wconf 80' lang='lat' dir='ltr'>juxta</span> 
     </span>
     <span class='ocr_line' id='line_1_97' title="bbox 187 3586 1242 3635; baseline -0.022 0"><span class='ocrx_word' id='word_1_782' title='bbox 187 3588 296 3635; x_wconf 66' lang='lat' dir='ltr'>statum</span> <span class='ocrx_word' id='word_1_783' title='bbox 313 3600 392 3628; x_wconf 82' lang='lat' dir='ltr'>stium</span> <span class='ocrx_word' id='word_1_784' title='bbox 411 3593 598 3625; x_wconf 73' lang='lat' dir='ltr'>&amp;facultates</span> <span class='ocrx_word' id='word_1_785' title='bbox 614 3592 687 3627; x_wconf 68' lang='lat' dir='ltr'>sues,</span> <span class='ocrx_word' id='word_1_786' title='bbox 706 3590 739 3619; x_wconf 67' lang='grc' dir='ltr'>ὅ(</span> <span class='ocrx_word' id='word_1_787' title='bbox 755 3588 902 3624; x_wconf 77' lang='lat' dir='ltr'>portiones</span> <span class='ocrx_word' id='word_1_788' title='bbox 926 3589 1005 3624; x_wconf 83' lang='lat' dir='ltr'>luper</span> <span class='ocrx_word' id='word_1_789' title='bbox 1025 3586 1098 3621; x_wconf 86' lang='lat' dir='ltr'>ipsos</span> <span class='ocrx_word' id='word_1_790' title='bbox 1117 3586 1242 3626; x_wconf 68' lang='lat' dir='ltr'>asseffas,</span> 
     </span>
     <span class='ocr_line' id='line_1_98' title="bbox 185 3622 1243 3680; baseline -0.014 -9"><span class='ocrx_word' id='word_1_791' title='bbox 185 3651 238 3680; x_wconf 75' lang='lat' dir='ltr'>per</span> <span class='ocrx_word' id='word_1_792' title='bbox 256 3637 443 3669; x_wconf 67' lang='lat' dir='ltr'>disttiCtiones</span> <span class='ocrx_word' id='word_1_793' title='bbox 455 3631 556 3660; x_wconf 78' lang='lat' dir='ltr'>aliosve</span> <span class='ocrx_word' id='word_1_794' title='bbox 571 3629 673 3657; x_wconf 71' lang='lat' dir='ltr'>modos</span> <span class='ocrx_word' id='word_1_795' title='bbox 694 3627 804 3657; x_wconf 86' lang='lat' dir='ltr'>debitos</span> <span class='ocrx_word' id='word_1_796' title='bbox 822 3623 993 3662; x_wconf 67' lang='lat' dir='ltr'>levandum,</span> <span class='ocrx_word' id='word_1_797' title='bbox 1012 3624 1044 3654; x_wconf 90' lang='lat'>&amp;</span> <span class='ocrx_word' id='word_1_798' title='bbox 1065 3622 1243 3656; x_wconf 76' lang='lat' dir='ltr'>Collectores</span> 
     </span>
     <span class='ocr_line' id='line_1_99' title="bbox 188 3664 1244 3712; baseline -0.02 -2"><span class='ocrx_word' id='word_1_799' title='bbox 188 3683 218 3711; x_wconf 92' lang='lat' dir='ltr'>in</span> <span class='ocrx_word' id='word_1_800' title='bbox 234 3679 289 3708; x_wconf 83' lang='lat' dir='ltr'>liae</span> <span class='ocrx_word' id='word_1_801' title='bbox 303 3683 380 3712; x_wconf 85' lang='lat' dir='ltr'>parte</span> <span class='ocrx_word' id='word_1_802' title='bbox 397 3668 604 3701; x_wconf 89' lang='lat' dir='ltr'>nominandum</span> <span class='ocrx_word' id='word_1_803' title='bbox 620 3668 652 3698; x_wconf 71' lang='grc' dir='ltr'>δε</span> <span class='ocrx_word' id='word_1_804' title='bbox 668 3664 914 3707; x_wconf 80' lang='lat' dir='ltr'>constituendum,</span> <span class='ocrx_word' id='word_1_805' title='bbox 933 3664 966 3692; x_wconf 87' lang='lat'>&amp;</span> <span class='ocrx_word' id='word_1_806' title='bbox 982 3671 1084 3705; x_wconf 81' lang='lat' dir='ltr'>omnes</span> <span class='ocrx_word' id='word_1_807' title='bbox 1107 3672 1154 3693; x_wconf 88' lang='lat' dir='ltr'>eos</span> <span class='ocrx_word' id='word_1_808' title='bbox 1172 3673 1244 3701; x_wconf 72' lang='lat' dir='ltr'>quos</span> 
     </span>
     <span class='ocr_line' id='line_1_100' title="bbox 186 3700 1243 3750; baseline -0.015 -3"><span class='ocrx_word' id='word_1_809' title='bbox 186 3715 324 3750; x_wconf 84' lang='lat' dir='ltr'>Rebelles</span> <span class='ocrx_word' id='word_1_810' title='bbox 344 3713 376 3742; x_wconf 88' lang='lat'>&amp;</span> <span class='ocrx_word' id='word_1_811' title='bbox 392 3708 552 3740; x_wconf 86' lang='lat' dir='ltr'>contrarios</span> <span class='ocrx_word' id='word_1_812' title='bbox 570 3705 707 3734; x_wconf 87' lang='lat' dir='ltr'>inveneris</span> <span class='ocrx_word' id='word_1_813' title='bbox 722 3705 751 3732; x_wconf 89' lang='lat' dir='ltr'>in</span> <span class='ocrx_word' id='word_1_814' title='bbox 771 3701 914 3732; x_wconf 82' lang='lat' dir='ltr'>Premiffis</span> <span class='ocrx_word' id='word_1_815' title='bbox 933 3700 1049 3731; x_wconf 90' lang='lat' dir='ltr'>Carceri</span> <span class='ocrx_word' id='word_1_816' title='bbox 1076 3703 1243 3739; x_wconf 80' lang='lat' dir='ltr'>mancipan-</span> 
     </span>
     <span class='ocr_line' id='line_1_101' title="bbox 188 3739 1244 3791; baseline -0.016 -4"><span class='ocrx_word' id='word_1_817' title='bbox 188 3757 279 3791; x_wconf 87' lang='lat' dir='ltr'>dum,</span> <span class='ocrx_word' id='word_1_818' title='bbox 294 3754 323 3781; x_wconf 93' lang='lat' dir='ltr'>in</span> <span class='ocrx_word' id='word_1_819' title='bbox 339 3749 439 3779; x_wconf 85' lang='lat' dir='ltr'>eodem</span> <span class='ocrx_word' id='word_1_820' title='bbox 458 3752 616 3775; x_wconf 81' lang='lat' dir='ltr'>moraturos</span> <span class='ocrx_word' id='word_1_821' title='bbox 629 3741 769 3780; x_wconf 88' lang='lat' dir='ltr'>quousque</span> <span class='ocrx_word' id='word_1_822' title='bbox 784 3751 835 3779; x_wconf 81' lang='lat' dir='ltr'>pro</span> <span class='ocrx_word' id='word_1_823' title='bbox 850 3749 953 3771; x_wconf 88' lang='lat' dir='ltr'>eorum</span> <span class='ocrx_word' id='word_1_824' title='bbox 976 3739 1178 3770; x_wconf 87' lang='lat' dir='ltr'>deliberatione</span> <span class='ocrx_word' id='word_1_825' title='bbox 1203 3740 1244 3770; x_wconf 89' lang='lat' dir='ltr'>ul-</span> 
     </span>
     <span class='ocr_line' id='line_1_102' title="bbox 187 3781 801 3828; baseline -0.031 -2"><span class='ocrx_word' id='word_1_826' title='bbox 187 3796 274 3828; x_wconf 85' lang='lat' dir='ltr'>terius</span> <span class='ocrx_word' id='word_1_827' title='bbox 288 3789 447 3820; x_wconf 70' lang='lat' dir='ltr'>duxeriinus</span> <span class='ocrx_word' id='word_1_828' title='bbox 458 3781 655 3813; x_wconf 86' lang='lat' dir='ltr'>ordinandum.</span> <span class='ocrx_word' id='word_1_829' title='bbox 797 3817 801 3822; x_wconf 93' lang='lat'>.</span> 
     </span>
    </p>

    <p class='ocr_par' dir='ltr' id='par_1_16' title="bbox 187 3814 1249 4020">
     <span class='ocr_line' id='line_1_103' title="bbox 227 3814 1248 3868; baseline -0.013 -11"><span class='ocrx_word' id='word_1_830' title='bbox 227 3829 434 3868; x_wconf 74' lang='lat' dir='ltr'>Affignavimus</span> <span class='ocrx_word' id='word_1_831' title='bbox 447 3824 529 3852; x_wconf 71' lang='lat' dir='ltr'>etiam</span> <span class='ocrx_word' id='word_1_832' title='bbox 544 3830 571 3850; x_wconf 87' lang='lat' dir='ltr'>te</span> <span class='ocrx_word' id='word_1_833' title='bbox 585 3818 723 3856; x_wconf 83' lang='lat' dir='ltr'>prefatum</span> <span class='ocrx_word' id='word_1_834' title='bbox 741 3816 882 3853; x_wconf 78' lang='lat' dir='ltr'>Maiorem</span> <span class='ocrx_word' id='word_1_835' title='bbox 899 3815 975 3846; x_wconf 89' lang='lat' dir='ltr'>Ville</span> <span class='ocrx_word' id='word_1_836' title='bbox 992 3816 1025 3846; x_wconf 87' lang='lat'>&amp;</span> <span class='ocrx_word' id='word_1_837' title='bbox 1041 3814 1125 3853; x_wconf 82' lang='lat' dir='ltr'>Burgi</span> <span class='ocrx_word' id='word_1_838' title='bbox 1139 3816 1174 3846; x_wconf 91' lang='lat' dir='ltr'>de</span> <span class='ocrx_word' id='word_1_839' title='bbox 1185 3818 1248 3844; x_wconf 85' lang='lat' dir='ltr'>Wa-</span> 
     </span>
     <span class='ocr_line' id='line_1_104' title="bbox 190 3853 1248 3904; baseline -0.017 -2"><span class='ocrx_word' id='word_1_840' title='bbox 190 3873 302 3904; x_wconf 62' lang='lat' dir='ltr'>reham,</span> <span class='ocrx_word' id='word_1_841' title='bbox 321 3867 354 3895; x_wconf 83' lang='lat' dir='ltr'>ad</span> <span class='ocrx_word' id='word_1_842' title='bbox 369 3862 545 3893; x_wconf 73' lang='lat' dir='ltr'>assidendum</span> <span class='ocrx_word' id='word_1_843' title='bbox 561 3866 660 3887; x_wconf 89' lang='lat' dir='ltr'>omnes</span> <span class='ocrx_word' id='word_1_844' title='bbox 675 3856 806 3885; x_wconf 83' lang='lat' dir='ltr'>homines</span> <span class='ocrx_word' id='word_1_845' title='bbox 823 3856 849 3883; x_wconf 87' lang='lat' dir='ltr'>in</span> <span class='ocrx_word' id='word_1_846' title='bbox 865 3854 989 3892; x_wconf 68' lang='lat' dir='ltr'>predieta</span> <span class='ocrx_word' id='word_1_847' title='bbox 1008 3853 1081 3884; x_wconf 85' lang='lat' dir='ltr'>Villa</span> <span class='ocrx_word' id='word_1_848' title='bbox 1103 3855 1134 3884; x_wconf 89' lang='lat'>&amp;</span> <span class='ocrx_word' id='word_1_849' title='bbox 1154 3853 1248 3892; x_wconf 82' lang='lat' dir='ltr'>Burgo</span> 
     </span>
     <span class='ocr_line' id='line_1_105' title="bbox 189 3892 1249 3943; baseline -0.015 -5"><span class='ocrx_word' id='word_1_850' title='bbox 189 3913 223 3943; x_wconf 63' lang='grc' dir='ltr'>ὅ(</span> <span class='ocrx_word' id='word_1_851' title='bbox 239 3904 375 3940; x_wconf 85' lang='lat' dir='ltr'>membris</span> <span class='ocrx_word' id='word_1_852' title='bbox 390 3900 511 3938; x_wconf 82' lang='lat' dir='ltr'>ejusdem</span> <span class='ocrx_word' id='word_1_853' title='bbox 521 3921 529 3934; x_wconf 87' lang='lat'>‚</span> <span class='ocrx_word' id='word_1_854' title='bbox 548 3896 805 3928; x_wconf 80' lang='lat' dir='ltr'>&amp;Terretenentes</span> <span class='ocrx_word' id='word_1_855' title='bbox 819 3894 846 3922; x_wconf 92' lang='lat' dir='ltr'>in</span> <span class='ocrx_word' id='word_1_856' title='bbox 861 3893 982 3931; x_wconf 89' lang='lat' dir='ltr'>eisdem,</span> <span class='ocrx_word' id='word_1_857' title='bbox 1003 3892 1117 3923; x_wconf 87' lang='lat' dir='ltr'>Navem</span> <span class='ocrx_word' id='word_1_858' title='bbox 1133 3892 1176 3922; x_wconf 87' lang='lat' dir='ltr'>vel</span> <span class='ocrx_word' id='word_1_859' title='bbox 1186 3902 1249 3929; x_wconf 87' lang='lat' dir='ltr'>par-</span> 
     </span>
     <span class='ocr_line' id='line_1_106' title="bbox 189 3931 1248 3981; baseline -0.005 -15"><span class='ocrx_word' id='word_1_860' title='bbox 189 3959 251 3981; x_wconf 87' lang='lat' dir='ltr'>tem</span> <span class='ocrx_word' id='word_1_861' title='bbox 269 3945 361 3976; x_wconf 57' lang='lat' dir='ltr'>Nam</span> <span class='ocrx_word' id='word_1_862' title='bbox 370 3940 494 3978; x_wconf 69' lang='lat' dir='ltr'>predicte</span> <span class='ocrx_word' id='word_1_863' title='bbox 503 3945 563 3965; x_wconf 90' lang='lat' dir='ltr'>non</span> <span class='ocrx_word' id='word_1_864' title='bbox 576 3935 728 3968; x_wconf 84' lang='lat' dir='ltr'>habentes,</span> <span class='ocrx_word' id='word_1_865' title='bbox 746 3931 791 3960; x_wconf 91' lang='lat' dir='ltr'>vel</span> <span class='ocrx_word' id='word_1_866' title='bbox 812 3932 840 3973; x_wconf 74' lang='lat' dir='ltr'>in</span> <span class='ocrx_word' id='word_1_867' title='bbox 857 3933 954 3960; x_wconf 83' lang='lat' dir='ltr'>eadem</span> <span class='ocrx_word' id='word_1_868' title='bbox 971 3941 1030 3961; x_wconf 92' lang='lat' dir='ltr'>non</span> <span class='ocrx_word' id='word_1_869' title='bbox 1047 3931 1248 3969; x_wconf 84' lang='lat' dir='ltr'>deservientes,</span> 
     </span>
     <span class='ocr_line' id='line_1_107' title="bbox 187 3969 1249 4020; baseline -0.017 -1"><span class='ocrx_word' id='word_1_870' title='bbox 187 3988 223 4020; x_wconf 87' lang='lat' dir='ltr'>ad</span> <span class='ocrx_word' id='word_1_871' title='bbox 233 3978 477 4017; x_wconf 79' lang='lat' dir='ltr'>contribuendum</span> <span class='ocrx_word' id='word_1_872' title='bbox 484 3972 619 4012; x_wconf 81' lang='lat' dir='ltr'>Expensis</span> <span class='ocrx_word' id='word_1_873' title='bbox 632 3973 708 4003; x_wconf 85' lang='lat' dir='ltr'>circa.</span> <span class='ocrx_word' id='word_1_874' title='bbox 714 3970 914 4001; x_wconf 79' lang='lat' dir='ltr'>Proviiionem</span> <span class='ocrx_word' id='word_1_875' title='bbox 935 3969 1136 4008; x_wconf 70' lang='lat' dir='ltr'>premissorum</span> <span class='ocrx_word' id='word_1_876' title='bbox 1150 3970 1249 4003; x_wconf 88' lang='lat' dir='ltr'>neces—</span> 
     </span>
    </p>
   </div>
   <div class='ocr_carea' id='block_1_10' title="bbox 335 4100 349 4112">
    <p class='ocr_par' dir='ltr' id='par_1_17' title="bbox 335 4100 349 4112">
     <span class='ocr_line' id='line_1_108' title="bbox 335 4100 349 4112; baseline 0 0"><span class='ocrx_word' id='word_1_877' title='bbox 335 4100 349 4112; x_wconf 56' lang='grc' dir='ltr'>Χ</span> 
     </span>
    </p>
   </div>
   <div class='ocr_carea' id='block_1_11' title="bbox 1269 94 1898 151">
    <p class='ocr_par' dir='ltr' id='par_1_18' title="bbox 1269 94 1898 151">
     <span class='ocr_line' id='line_1_109' title="bbox 1269 94 1898 151; baseline -0.005 -11"><span class='ocrx_word' id='word_1_878' title='bbox 1269 94 1898 151; x_wconf 45' lang='lat' dir='ltr'>NEQLITERAE,</span> 
     </span>
    </p>
   </div>
   <div class='ocr_carea' id='block_1_12' title="bbox 1268 182 2486 224">
    <p class='ocr_par' dir='ltr' id='par_1_19' title="bbox 1268 182 2486 224">
     <span class='ocr_line' id='line_1_110' title="bbox 1268 182 2486 224; baseline 0.002 -9"><span class='ocrx_word' id='word_1_879' title='bbox 1268 184 1360 224; x_wconf 87' lang='lat' dir='ltr'>sariis;</span> <span class='ocrx_word' id='word_1_880' title='bbox 1377 183 1416 215; x_wconf 86' lang='lat' dir='ltr'>Et</span> <span class='ocrx_word' id='word_1_881' title='bbox 1433 182 1513 224; x_wconf 86' lang='lat' dir='ltr'>super</span> <span class='ocrx_word' id='word_1_882' title='bbox 1527 183 1685 223; x_wconf 71' lang='lat' dir='ltr'>predictam</span> <span class='ocrx_word' id='word_1_883' title='bbox 1703 183 1810 215; x_wconf 88' lang='lat' dir='ltr'>Villam</span> <span class='ocrx_word' id='word_1_884' title='bbox 1829 184 1864 215; x_wconf 91' lang='lat'>&amp;</span> <span class='ocrx_word' id='word_1_885' title='bbox 1877 182 2006 222; x_wconf 83' lang='lat' dir='ltr'>Burgum</span> <span class='ocrx_word' id='word_1_886' title='bbox 2023 191 2094 215; x_wconf 89' lang='lat' dir='ltr'>cum</span> <span class='ocrx_word' id='word_1_887' title='bbox 2106 183 2255 215; x_wconf 87' lang='lat' dir='ltr'>Membris</span> <span class='ocrx_word' id='word_1_888' title='bbox 2268 183 2340 224; x_wconf 73' lang='lat' dir='ltr'>eius-</span> <span class='ocrx_word' id='word_1_889' title='bbox 2353 183 2431 216; x_wconf 88' lang='lat' dir='ltr'>Ann.</span> <span class='ocrx_word' id='word_1_890' title='bbox 2441 183 2486 224; x_wconf 61' lang='lat' dir='ltr'>Dg</span> 
     </span>
    </p>
   </div>
   <div class='ocr_carea' id='block_1_13' title="bbox 1268 222 2338 262">
    <p class='ocr_par' dir='ltr' id='par_1_20' title="bbox 1268 222 2338 262">
     <span class='ocr_line' id='line_1_111' title="bbox 1268 222 2338 262; baseline 0.001 -8"><span class='ocrx_word' id='word_1_891' title='bbox 1268 225 1337 254; x_wconf 91' lang='lat' dir='ltr'>dem</span> <span class='ocrx_word' id='word_1_892' title='bbox 1347 247 1357 261; x_wconf 83' lang='lat'>‚</span> <span class='ocrx_word' id='word_1_893' title='bbox 1375 224 1413 254; x_wconf 88' lang='lat' dir='ltr'>fic</span> <span class='ocrx_word' id='word_1_894' title='bbox 1423 225 1467 261; x_wconf 90' lang='lat' dir='ltr'>(ut</span> <span class='ocrx_word' id='word_1_895' title='bbox 1478 223 1626 261; x_wconf 83' lang='lat' dir='ltr'>prefertur)</span> <span class='ocrx_word' id='word_1_896' title='bbox 1635 222 1812 254; x_wconf 80' lang='lat' dir='ltr'>assidendum</span> <span class='ocrx_word' id='word_1_897' title='bbox 1822 223 1855 254; x_wconf 65' lang='grc' dir='ltr'>ὃ(</span> <span class='ocrx_word' id='word_1_898' title='bbox 1866 222 2034 262; x_wconf 89' lang='lat' dir='ltr'>ponendum</span> <span class='ocrx_word' id='word_1_899' title='bbox 2044 245 2054 261; x_wconf 81' lang='lat'>,</span> <span class='ocrx_word' id='word_1_900' title='bbox 2063 223 2198 255; x_wconf 88' lang='lat' dir='ltr'>videlicet</span> <span class='ocrx_word' id='word_1_901' title='bbox 2208 246 2217 262; x_wconf 97' lang='lat'>,</span> <span class='ocrx_word' id='word_1_902' title='bbox 2234 233 2338 262; x_wconf 89' lang='lat' dir='ltr'>quem-</span> 
     </span>
    </p>
   </div>
   <div class='ocr_carea' id='block_1_14' title="bbox 2372 224 2459 265">
    <p class='ocr_par' dir='ltr' id='par_1_21' title="bbox 2372 224 2459 265">
     <span class='ocr_line' id='line_1_112' title="bbox 2372 224 2459 265; baseline 0 -11"><span class='ocrx_word' id='word_1_903' title='bbox 2372 224 2459 265; x_wconf 84' lang='lat'>1636.</span> 
     </span>
    </p>
   </div>
   <div class='ocr_carea' id='block_1_15' title="bbox 1269 261 2469 301">
    <p class='ocr_par' dir='ltr' id='par_1_22' title="bbox 1269 261 2469 301">
     <span class='ocr_line' id='line_1_113' title="bbox 1269 261 2469 301; baseline 0.003 -10"><span class='ocrx_word' id='word_1_904' title='bbox 1269 262 1340 292; x_wconf 88' lang='lat' dir='ltr'>libet</span> <span class='ocrx_word' id='word_1_905' title='bbox 1355 271 1459 293; x_wconf 88' lang='lat' dir='ltr'>eorum</span> <span class='ocrx_word' id='word_1_906' title='bbox 1471 263 1552 299; x_wconf 73' lang='lat' dir='ltr'>quta</span> <span class='ocrx_word' id='word_1_907' title='bbox 1570 262 1674 293; x_wconf 90' lang='lat' dir='ltr'>statum</span> <span class='ocrx_word' id='word_1_908' title='bbox 1689 261 1769 292; x_wconf 90' lang='lat' dir='ltr'>suum</span> <span class='ocrx_word' id='word_1_909' title='bbox 1785 262 1818 292; x_wconf 89' lang='lat'>&amp;</span> <span class='ocrx_word' id='word_1_910' title='bbox 1837 261 1982 292; x_wconf 85' lang='lat' dir='ltr'>facultates</span> <span class='ocrx_word' id='word_1_911' title='bbox 1996 261 2053 292; x_wconf 87' lang='lat' dir='ltr'>suas</span> <span class='ocrx_word' id='word_1_912' title='bbox 2063 285 2073 300; x_wconf 85' lang='lat'>,</span> <span class='ocrx_word' id='word_1_913' title='bbox 2089 263 2123 294; x_wconf 85' lang='lat'>&amp;</span> <span class='ocrx_word' id='word_1_914' title='bbox 2139 265 2284 301; x_wconf 88' lang='lat' dir='ltr'>portiones</span> <span class='ocrx_word' id='word_1_915' title='bbox 2297 263 2343 294; x_wconf 93' lang='lat' dir='ltr'>su·</span> <span class='ocrx_word' id='word_1_916' title='bbox 2353 267 2405 293; x_wconf 84' lang='lat' dir='ltr'>An.</span> <span class='ocrx_word' id='word_1_917' title='bbox 2426 273 2469 294; x_wconf 78' lang='grc' dir='ltr'>η.</span> 
     </span>
    </p>
   </div>
   <div class='ocr_carea' id='block_1_16' title="bbox 1270 299 2348 4031">
    <p class='ocr_par' dir='ltr' id='par_1_23' title="bbox 1270 299 2343 416">
     <span class='ocr_line' id='line_1_114' title="bbox 1270 299 2336 339; baseline 0.003 -9"><span class='ocrx_word' id='word_1_918' title='bbox 1270 310 1320 339; x_wconf 91' lang='lat' dir='ltr'>per</span> <span class='ocrx_word' id='word_1_919' title='bbox 1336 301 1409 338; x_wconf 85' lang='lat' dir='ltr'>ipsos</span> <span class='ocrx_word' id='word_1_920' title='bbox 1429 301 1555 338; x_wconf 76' lang='lat' dir='ltr'>affeflas,</span> <span class='ocrx_word' id='word_1_921' title='bbox 1571 310 1620 339; x_wconf 89' lang='lat' dir='ltr'>per</span> <span class='ocrx_word' id='word_1_922' title='bbox 1644 299 1837 331; x_wconf 68' lang='lat' dir='ltr'>distrifflones</span> <span class='ocrx_word' id='word_1_923' title='bbox 1854 299 1958 330; x_wconf 79' lang='lat' dir='ltr'>aliosve</span> <span class='ocrx_word' id='word_1_924' title='bbox 1981 300 2083 331; x_wconf 89' lang='lat' dir='ltr'>modos</span> <span class='ocrx_word' id='word_1_925' title='bbox 2105 301 2219 332; x_wconf 90' lang='lat' dir='ltr'>debitos</span> <span class='ocrx_word' id='word_1_926' title='bbox 2238 302 2336 333; x_wconf 89' lang='lat' dir='ltr'>levan-</span> 
     </span>
     <span class='ocr_line' id='line_1_115' title="bbox 1273 337 2343 381; baseline 0.003 -13"><span class='ocrx_word' id='word_1_927' title='bbox 1273 338 1360 368; x_wconf 85' lang='lat' dir='ltr'>dum:</span> <span class='ocrx_word' id='word_1_928' title='bbox 1381 338 1418 369; x_wconf 88' lang='lat' dir='ltr'>Et</span> <span class='ocrx_word' id='word_1_929' title='bbox 1428 338 1608 370; x_wconf 68' lang='lat' dir='ltr'>Colle&amp;ores</span> <span class='ocrx_word' id='word_1_930' title='bbox 1616 340 1646 369; x_wconf 90' lang='lat' dir='ltr'>in</span> <span class='ocrx_word' id='word_1_931' title='bbox 1655 339 1674 359; x_wconf 66' lang='lat'>²*</span> <span class='ocrx_word' id='word_1_932' title='bbox 1682 339 1738 369; x_wconf 74' lang='lat' dir='ltr'>hac</span> <span class='ocrx_word' id='word_1_933' title='bbox 1747 347 1823 376; x_wconf 87' lang='lat' dir='ltr'>parte</span> <span class='ocrx_word' id='word_1_934' title='bbox 1833 337 2043 368; x_wconf 84' lang='lat' dir='ltr'>nominandum</span> <span class='ocrx_word' id='word_1_935' title='bbox 2058 340 2092 370; x_wconf 77' lang='grc' dir='ltr'>δε</span> <span class='ocrx_word' id='word_1_936' title='bbox 2100 341 2343 381; x_wconf 84' lang='lat' dir='ltr'>constituendum,</span> 
     </span>
     <span class='ocr_line' id='line_1_116' title="bbox 1276 377 2326 416; baseline 0.003 -9"><span class='ocrx_word' id='word_1_937' title='bbox 1276 377 1310 407; x_wconf 90' lang='lat'>&amp;</span> <span class='ocrx_word' id='word_1_938' title='bbox 1329 386 1432 406; x_wconf 91' lang='lat' dir='ltr'>omnes</span> <span class='ocrx_word' id='word_1_939' title='bbox 1446 387 1496 407; x_wconf 90' lang='lat' dir='ltr'>eos</span> <span class='ocrx_word' id='word_1_940' title='bbox 1508 387 1581 416; x_wconf 88' lang='lat' dir='ltr'>quos</span> <span class='ocrx_word' id='word_1_941' title='bbox 1596 377 1728 408; x_wconf 88' lang='lat' dir='ltr'>Rebelles</span> <span class='ocrx_word' id='word_1_942' title='bbox 1744 377 1778 407; x_wconf 71' lang='grc' dir='ltr'>δε</span> <span class='ocrx_word' id='word_1_943' title='bbox 1798 377 1960 407; x_wconf 88' lang='lat' dir='ltr'>contrarios</span> <span class='ocrx_word' id='word_1_944' title='bbox 1972 377 2116 408; x_wconf 87' lang='lat' dir='ltr'>inveneris</span> <span class='ocrx_word' id='word_1_945' title='bbox 2134 379 2163 408; x_wconf 86' lang='lat' dir='ltr'>iti</span> <span class='ocrx_word' id='word_1_946' title='bbox 2183 377 2326 410; x_wconf 88' lang='lat' dir='ltr'>Premiffis</span> 
     </span>
    </p>

    <p class='ocr_par' dir='ltr' id='par_1_24' title="bbox 1275 403 2347 484">
     <span class='ocr_line' id='line_1_117' title="bbox 1275 403 2347 458; baseline 0.007 -15"><span class='ocrx_word' id='word_1_947' title='bbox 1275 414 1392 457; x_wconf 78' lang='lat' dir='ltr'>Carceri</span> <span class='ocrx_word' id='word_1_948' title='bbox 1406 416 1628 458; x_wconf 83' lang='lat' dir='ltr'>mancipandum</span> <span class='ocrx_word' id='word_1_949' title='bbox 1642 417 1673 445; x_wconf 89' lang='lat' dir='ltr'>iti</span> <span class='ocrx_word' id='word_1_950' title='bbox 1687 415 1790 445; x_wconf 90' lang='lat' dir='ltr'>eodem</span> <span class='ocrx_word' id='word_1_951' title='bbox 1806 422 1982 453; x_wconf 86' lang='lat' dir='ltr'>moraturos,</span> <span class='ocrx_word' id='word_1_952' title='bbox 2003 417 2150 454; x_wconf 85' lang='lat' dir='ltr'>quousque</span> <span class='ocrx_word' id='word_1_953' title='bbox 2166 427 2222 456; x_wconf 85' lang='lat' dir='ltr'>pro</span> <span class='ocrx_word' id='word_1_954' title='bbox 2237 403 2347 450; x_wconf 73' lang='lat' dir='ltr'>eorum²</span> 
     </span>
     <span class='ocr_line' id='line_1_118' title="bbox 1275 453 1995 484; baseline 0.001 -3"><span class='ocrx_word' id='word_1_955' title='bbox 1275 453 1478 483; x_wconf 84' lang='lat' dir='ltr'>deliberatione</span> <span class='ocrx_word' id='word_1_956' title='bbox 1493 453 1607 484; x_wconf 89' lang='lat' dir='ltr'>ulterius</span> <span class='ocrx_word' id='word_1_957' title='bbox 1620 454 1784 484; x_wconf 80' lang='lat' dir='ltr'>duxerimus</span> <span class='ocrx_word' id='word_1_958' title='bbox 1793 453 1995 484; x_wconf 89' lang='lat' dir='ltr'>ordinandum.</span> 
     </span>
    </p>

    <p class='ocr_par' dir='ltr' id='par_1_25' title="bbox 1275 490 2345 986">
     <span class='ocr_line' id='line_1_119' title="bbox 1313 490 2340 533; baseline 0.005 -13"><span class='ocrx_word' id='word_1_959' title='bbox 1313 490 1526 529; x_wconf 84' lang='lat' dir='ltr'>Affignavimus</span> <span class='ocrx_word' id='word_1_960' title='bbox 1538 493 1622 522; x_wconf 87' lang='lat' dir='ltr'>etiam</span> <span class='ocrx_word' id='word_1_961' title='bbox 1637 500 1665 522; x_wconf 88' lang='lat' dir='ltr'>te</span> <span class='ocrx_word' id='word_1_962' title='bbox 1678 492 1816 530; x_wconf 84' lang='lat' dir='ltr'>prefatum</span> <span class='ocrx_word' id='word_1_963' title='bbox 1832 491 1977 530; x_wconf 88' lang='lat' dir='ltr'>Majorem</span> <span class='ocrx_word' id='word_1_964' title='bbox 1991 491 2068 523; x_wconf 93' lang='lat' dir='ltr'>Ville</span> <span class='ocrx_word' id='word_1_965' title='bbox 2083 492 2120 523; x_wconf 90' lang='lat' dir='ltr'>de</span> <span class='ocrx_word' id='word_1_966' title='bbox 2134 495 2340 533; x_wconf 78' lang='lat' dir='ltr'>Wymouth&amp;</span> 
     </span>
     <span class='ocr_line' id='line_1_120' title="bbox 1277 529 2340 574; baseline 0.007 -16"><span class='ocrx_word' id='word_1_967' title='bbox 1277 529 1426 559; x_wconf 77' lang='lat' dir='ltr'>Melcombe</span> <span class='ocrx_word' id='word_1_968' title='bbox 1440 533 1536 574; x_wconf 54' lang='lat' dir='ltr'>Regis,</span> <span class='ocrx_word' id='word_1_969' title='bbox 1555 529 1590 560; x_wconf 87' lang='lat' dir='ltr'>ad</span> <span class='ocrx_word' id='word_1_970' title='bbox 1605 529 1781 560; x_wconf 76' lang='lat' dir='ltr'>assidendum</span> <span class='ocrx_word' id='word_1_971' title='bbox 1797 540 1898 561; x_wconf 88' lang='lat' dir='ltr'>omnes</span> <span class='ocrx_word' id='word_1_972' title='bbox 1919 531 2051 561; x_wconf 87' lang='lat' dir='ltr'>homines</span> <span class='ocrx_word' id='word_1_973' title='bbox 2073 532 2103 561; x_wconf 90' lang='lat' dir='ltr'>in</span> <span class='ocrx_word' id='word_1_974' title='bbox 2121 533 2248 570; x_wconf 66' lang='lat' dir='ltr'>predicta</span> <span class='ocrx_word' id='word_1_975' title='bbox 2264 533 2340 566; x_wconf 79' lang='lat' dir='ltr'>Villa</span> 
     </span>
     <span class='ocr_line' id='line_1_121' title="bbox 1278 568 2342 612; baseline 0.005 -14"><span class='ocrx_word' id='word_1_976' title='bbox 1278 569 1312 598; x_wconf 91' lang='lat'>&amp;</span> <span class='ocrx_word' id='word_1_977' title='bbox 1333 569 1630 612; x_wconf 30' lang='lat' dir='ltr'>membris-eiusdem,</span> <span class='ocrx_word' id='word_1_978' title='bbox 1649 568 1682 599; x_wconf 91' lang='lat'>&amp;</span> <span class='ocrx_word' id='word_1_979' title='bbox 1709 568 1931 601; x_wconf 84' lang='lat' dir='ltr'>Terreten&#39;entes</span> <span class='ocrx_word' id='word_1_980' title='bbox 1953 570 1982 599; x_wconf 90' lang='lat' dir='ltr'>in</span> <span class='ocrx_word' id='word_1_981' title='bbox 2008 569 2125 608; x_wconf 84' lang='lat' dir='ltr'>eadem,</span> <span class='ocrx_word' id='word_1_982' title='bbox 2150 571 2270 602; x_wconf 88' lang='lat' dir='ltr'>Navem</span> <span class='ocrx_word' id='word_1_983' title='bbox 2293 573 2342 603; x_wconf 85' lang='lat' dir='ltr'>vel</span> 
     </span>
     <span class='ocr_line' id='line_1_122' title="bbox 1277 607 2340 652; baseline 0.005 -16"><span class='ocrx_word' id='word_1_984' title='bbox 1277 616 1386 644; x_wconf 86' lang='lat' dir='ltr'>partem</span> <span class='ocrx_word' id='word_1_985' title='bbox 1403 607 1498 652; x_wconf 72' lang='lat' dir='ltr'>Naws</span> <span class='ocrx_word' id='word_1_986' title='bbox 1511 607 1636 645; x_wconf 70' lang='lat' dir='ltr'>preditste</span> <span class='ocrx_word' id='word_1_987' title='bbox 1652 616 1712 651; x_wconf 78' lang='lat' dir='ltr'>non</span> <span class='ocrx_word' id='word_1_988' title='bbox 1721 607 1856 641; x_wconf 83' lang='lat' dir='ltr'>habentes</span> <span class='ocrx_word' id='word_1_989' title='bbox 1865 631 1875 645; x_wconf 88' lang='lat'>,</span> <span class='ocrx_word' id='word_1_990' title='bbox 1890 608 1934 638; x_wconf 90' lang='lat' dir='ltr'>vel</span> <span class='ocrx_word' id='word_1_991' title='bbox 1948 609 1977 638; x_wconf 91' lang='lat' dir='ltr'>in</span> <span class='ocrx_word' id='word_1_992' title='bbox 1992 608 2097 640; x_wconf 87' lang='lat' dir='ltr'>eisdem</span> <span class='ocrx_word' id='word_1_993' title='bbox 2107 619 2166 640; x_wconf 92' lang='lat' dir='ltr'>non</span> <span class='ocrx_word' id='word_1_994' title='bbox 2180 610 2340 643; x_wconf 83' lang='lat' dir='ltr'>deservien-</span> 
     </span>
     <span class='ocr_line' id='line_1_123' title="bbox 1277 645 2343 684; baseline 0.004 -8"><span class='ocrx_word' id='word_1_995' title='bbox 1277 655 1335 684; x_wconf 88' lang='lat' dir='ltr'>tes,</span> <span class='ocrx_word' id='word_1_996' title='bbox 1352 646 1387 676; x_wconf 88' lang='lat' dir='ltr'>ad</span> <span class='ocrx_word' id='word_1_997' title='bbox 1402 645 1646 676; x_wconf 86' lang='lat' dir='ltr'>contribuendum</span> <span class='ocrx_word' id='word_1_998' title='bbox 1660 645 1795 682; x_wconf 58' lang='lat' dir='ltr'>arpensis</span> <span class='ocrx_word' id='word_1_999' title='bbox 1816 647 1891 677; x_wconf 91' lang='lat' dir='ltr'>circa</span> <span class='ocrx_word' id='word_1_1000' title='bbox 1911 647 2111 678; x_wconf 90' lang='lat' dir='ltr'>Provisionem</span> <span class='ocrx_word' id='word_1_1001' title='bbox 2132 648 2343 680; x_wconf 83' lang='lat' dir='ltr'>Premifforum</span> 
     </span>
     <span class='ocr_line' id='line_1_124' title="bbox 1278 684 2323 727; baseline 0.005 -13"><span class='ocrx_word' id='word_1_1002' title='bbox 1278 685 1460 723; x_wconf 71' lang='lat' dir='ltr'>neceffarfis,</span> <span class='ocrx_word' id='word_1_1003' title='bbox 1486 684 1523 716; x_wconf 80' lang='lat' dir='ltr'>Et</span> <span class='ocrx_word' id='word_1_1004' title='bbox 1540 685 1619 727; x_wconf 78' lang='lat' dir='ltr'>super</span> <span class='ocrx_word' id='word_1_1005' title='bbox 1641 684 1799 722; x_wconf 69' lang='lat' dir='ltr'>predictam</span> <span class='ocrx_word' id='word_1_1006' title='bbox 1823 684 1925 715; x_wconf 86' lang='lat' dir='ltr'>Villam</span> <span class='ocrx_word' id='word_1_1007' title='bbox 1948 695 2016 716; x_wconf 93' lang='lat' dir='ltr'>cum</span> <span class='ocrx_word' id='word_1_1008' title='bbox 2041 686 2183 718; x_wconf 86' lang='lat' dir='ltr'>Membris</span> <span class='ocrx_word' id='word_1_1009' title='bbox 2202 688 2323 727; x_wconf 86' lang='lat' dir='ltr'>ejusdem</span> 
     </span>
     <span class='ocr_line' id='line_1_125' title="bbox 1277 713 2344 765; baseline 0.004 -12"><span class='ocrx_word' id='word_1_1010' title='bbox 1277 723 1316 753; x_wconf 87' lang='lat' dir='ltr'>fic</span> <span class='ocrx_word' id='word_1_1011' title='bbox 1338 725 1380 761; x_wconf 91' lang='lat' dir='ltr'>(ut</span> <span class='ocrx_word' id='word_1_1012' title='bbox 1395 724 1543 760; x_wconf 87' lang='lat' dir='ltr'>prefertur)</span> <span class='ocrx_word' id='word_1_1013' title='bbox 1561 723 1736 756; x_wconf 78' lang='lat' dir='ltr'>allidendum</span> <span class='ocrx_word' id='word_1_1014' title='bbox 1760 723 1792 752; x_wconf 70' lang='grc' dir='ltr'>δε</span> <span class='ocrx_word' id='word_1_1015' title='bbox 1807 723 1993 762; x_wconf 87' lang='lat' dir='ltr'>ponendum,</span> <span class='ocrx_word' id='word_1_1016' title='bbox 2011 725 2165 765; x_wconf 86' lang='lat' dir='ltr'>videlicet,</span> <span class='ocrx_word' id='word_1_1017' title='bbox 2181 713 2344 764; x_wconf 70' lang='lat' dir='ltr'>quemlibet&#39;:</span> 
     </span>
     <span class='ocr_line' id='line_1_126' title="bbox 1276 761 2345 803; baseline 0.004 -13"><span class='ocrx_word' id='word_1_1018' title='bbox 1276 771 1379 792; x_wconf 56' lang='lat' dir='ltr'>eorum</span> <span class='ocrx_word' id='word_1_1019' title='bbox 1394 764 1467 797; x_wconf 51' lang='lat' dir='ltr'>juxtra</span> <span class='ocrx_word' id='word_1_1020' title='bbox 1479 762 1582 792; x_wconf 72' lang='lat' dir='ltr'>statum</span> <span class='ocrx_word' id='word_1_1021' title='bbox 1598 761 1679 791; x_wconf 87' lang='lat' dir='ltr'>suum</span> <span class='ocrx_word' id='word_1_1022' title='bbox 1692 761 1880 793; x_wconf 85' lang='lat' dir='ltr'>&amp;facultates</span> <span class='ocrx_word' id='word_1_1023' title='bbox 1897 762 1975 800; x_wconf 88' lang='lat' dir='ltr'>suas,</span> <span class='ocrx_word' id='word_1_1024' title='bbox 1989 764 2021 794; x_wconf 74' lang='grc' dir='ltr'>ὃ(</span> <span class='ocrx_word' id='word_1_1025' title='bbox 2039 766 2185 801; x_wconf 90' lang='lat' dir='ltr'>portiones</span> <span class='ocrx_word' id='word_1_1026' title='bbox 2202 765 2283 803; x_wconf 89' lang='lat' dir='ltr'>super</span> <span class='ocrx_word' id='word_1_1027' title='bbox 2298 768 2305 794; x_wconf 79' lang='grc' dir='ltr'>ι’</span> <span class='ocrx_word' id='word_1_1028' title='bbox 2332 783 2345 790; x_wconf 86' lang='grc'><strong>-</strong></span> 
     </span>
     <span class='ocr_line' id='line_1_127' title="bbox 1275 800 2344 839; baseline 0.005 -10"><span class='ocrx_word' id='word_1_1029' title='bbox 1275 800 1318 829; x_wconf 82' lang='lat' dir='ltr'>sos</span> <span class='ocrx_word' id='word_1_1030' title='bbox 1332 801 1458 838; x_wconf 70' lang='lat' dir='ltr'>alieffis,</span> <span class='ocrx_word' id='word_1_1031' title='bbox 1472 810 1522 839; x_wconf 89' lang='lat' dir='ltr'>per</span> <span class='ocrx_word' id='word_1_1032' title='bbox 1543 800 1735 831; x_wconf 67' lang='lat' dir='ltr'>districtiones</span> <span class='ocrx_word' id='word_1_1033' title='bbox 1753 800 1856 830; x_wconf 85' lang='lat' dir='ltr'>aliosve</span> <span class='ocrx_word' id='word_1_1034' title='bbox 1877 800 1981 830; x_wconf 88' lang='lat' dir='ltr'>modos</span> <span class='ocrx_word' id='word_1_1035' title='bbox 2001 801 2111 832; x_wconf 85' lang='lat' dir='ltr'>debitos</span> <span class='ocrx_word' id='word_1_1036' title='bbox 2132 803 2274 834; x_wconf 89' lang='lat' dir='ltr'>levandas·</span> <span class='ocrx_word' id='word_1_1037' title='bbox 2332 814 2344 838; x_wconf 84' lang='lat' dir='ltr'>t</span> 
     </span>
     <span class='ocr_line' id='line_1_128' title="bbox 1277 828 2343 880; baseline 0 -12"><span class='ocrx_word' id='word_1_1038' title='bbox 1277 838 1459 869; x_wconf 71' lang='lat' dir='ltr'>collectores</span> <span class='ocrx_word' id='word_1_1039' title='bbox 1471 841 1500 868; x_wconf 89' lang='lat' dir='ltr'>in</span> <span class='ocrx_word' id='word_1_1040' title='bbox 1517 839 1570 868; x_wconf 84' lang='lat' dir='ltr'>hac</span> <span class='ocrx_word' id='word_1_1041' title='bbox 1586 847 1662 876; x_wconf 83' lang='lat' dir='ltr'>parte</span> <span class='ocrx_word' id='word_1_1042' title='bbox 1679 839 1888 869; x_wconf 76' lang='lat' dir='ltr'>nominandum</span> <span class='ocrx_word' id='word_1_1043' title='bbox 1905 840 1938 869; x_wconf 91' lang='lat'>&amp;</span> <span class='ocrx_word' id='word_1_1044' title='bbox 1957 838 2211 880; x_wconf 87' lang='lat' dir='ltr'>constituendum,</span> <span class='ocrx_word' id='word_1_1045' title='bbox 2227 828 2343 874; x_wconf 49' lang='lat' dir='ltr'>&amp;Bm-</span> 
     </span>
     <span class='ocr_line' id='line_1_129' title="bbox 1277 877 2343 921; baseline 0.008 -16"><span class='ocrx_word' id='word_1_1046' title='bbox 1277 886 1331 906; x_wconf 87' lang='lat' dir='ltr'>nos</span> <span class='ocrx_word' id='word_1_1047' title='bbox 1351 887 1398 921; x_wconf 80' lang='lat' dir='ltr'>eos</span> <span class='ocrx_word' id='word_1_1048' title='bbox 1411 887 1481 916; x_wconf 88' lang='lat' dir='ltr'>quos</span> <span class='ocrx_word' id='word_1_1049' title='bbox 1494 877 1627 907; x_wconf 86' lang='lat' dir='ltr'>Rebelles</span> <span class='ocrx_word' id='word_1_1050' title='bbox 1643 878 1676 908; x_wconf 88' lang='lat'>&amp;</span> <span class='ocrx_word' id='word_1_1051' title='bbox 1691 879 1847 908; x_wconf 87' lang='lat' dir='ltr'>contrarios</span> <span class='ocrx_word' id='word_1_1052' title='bbox 1863 877 2046 912; x_wconf 75' lang='lat' dir='ltr'>invenerisjn</span> <span class='ocrx_word' id='word_1_1053' title='bbox 2062 878 2205 910; x_wconf 76' lang='lat' dir='ltr'>Premiffis</span> <span class='ocrx_word' id='word_1_1054' title='bbox 2218 880 2343 913; x_wconf 77' lang='lat' dir='ltr'>Carceri</span> 
     </span>
     <span class='ocr_line' id='line_1_130' title="bbox 1280 914 2344 959; baseline 0.005 -13"><span class='ocrx_word' id='word_1_1055' title='bbox 1280 916 1526 959; x_wconf 84' lang='lat' dir='ltr'>mancipandum,</span> <span class='ocrx_word' id='word_1_1056' title='bbox 1545 917 1575 946; x_wconf 88' lang='lat' dir='ltr'>in</span> <span class='ocrx_word' id='word_1_1057' title='bbox 1591 916 1696 946; x_wconf 87' lang='lat' dir='ltr'>eodem</span> <span class='ocrx_word' id='word_1_1058' title='bbox 1714 924 1891 954; x_wconf 86' lang='lat' dir='ltr'>moraturos,</span> <span class='ocrx_word' id='word_1_1059' title='bbox 1911 914 2057 954; x_wconf 85' lang='lat' dir='ltr'>quousque</span> <span class='ocrx_word' id='word_1_1060' title='bbox 2076 926 2129 954; x_wconf 87' lang='lat' dir='ltr'>pro</span> <span class='ocrx_word' id='word_1_1061' title='bbox 2146 928 2250 950; x_wconf 84' lang='lat' dir='ltr'>eorum</span> <span class='ocrx_word' id='word_1_1062' title='bbox 2271 921 2344 952; x_wconf 91' lang='lat' dir='ltr'>deli-</span> 
     </span>
     <span class='ocr_line' id='line_1_131' title="bbox 1275 954 1936 986; baseline -0.002 -1"><span class='ocrx_word' id='word_1_1063' title='bbox 1275 956 1419 985; x_wconf 88' lang='lat' dir='ltr'>beratione</span> <span class='ocrx_word' id='word_1_1064' title='bbox 1434 955 1547 985; x_wconf 88' lang='lat' dir='ltr'>ulterius</span> <span class='ocrx_word' id='word_1_1065' title='bbox 1559 955 1721 986; x_wconf 85' lang='lat' dir='ltr'>duxerimus</span> <span class='ocrx_word' id='word_1_1066' title='bbox 1733 954 1936 985; x_wconf 87' lang='lat' dir='ltr'>ordinandum.</span> 
     </span>
    </p>

    <p class='ocr_par' dir='ltr' id='par_1_26' title="bbox 1272 991 2347 1488">
     <span class='ocr_line' id='line_1_132' title="bbox 1317 991 2343 1034; baseline 0.004 -12"><span class='ocrx_word' id='word_1_1067' title='bbox 1317 992 1530 1032; x_wconf 83' lang='lat' dir='ltr'>Affignavimus</span> <span class='ocrx_word' id='word_1_1068' title='bbox 1543 994 1629 1024; x_wconf 83' lang='lat' dir='ltr'>etiam</span> <span class='ocrx_word' id='word_1_1069' title='bbox 1644 1003 1698 1024; x_wconf 89' lang='lat' dir='ltr'>vos</span> <span class='ocrx_word' id='word_1_1070' title='bbox 1711 993 1833 1032; x_wconf 88' lang='lat' dir='ltr'>prefatos</span> <span class='ocrx_word' id='word_1_1071' title='bbox 1842 991 2061 1031; x_wconf 80' lang='lat' dir='ltr'>BallivosBurgi</span> <span class='ocrx_word' id='word_1_1072' title='bbox 2077 993 2113 1024; x_wconf 93' lang='lat' dir='ltr'>de</span> <span class='ocrx_word' id='word_1_1073' title='bbox 2121 994 2269 1034; x_wconf 82' lang='lat' dir='ltr'>Bridporte</span> <span class='ocrx_word' id='word_1_1074' title='bbox 2305 998 2343 1029; x_wconf 78' lang='lat' dir='ltr'>ad</span> 
     </span>
     <span class='ocr_line' id='line_1_133' title="bbox 1273 1030 2329 1077; baseline 0.005 -16"><span class='ocrx_word' id='word_1_1075' title='bbox 1273 1030 1451 1077; x_wconf 65' lang='lat' dir='ltr'>afficiendum</span> <span class='ocrx_word' id='word_1_1076' title='bbox 1467 1041 1572 1063; x_wconf 88' lang='lat' dir='ltr'>omnes</span> <span class='ocrx_word' id='word_1_1077' title='bbox 1586 1031 1727 1074; x_wconf 79' lang='lat' dir='ltr'>Homines</span> <span class='ocrx_word' id='word_1_1078' title='bbox 1744 1033 1773 1064; x_wconf 88' lang='lat' dir='ltr'>in</span> <span class='ocrx_word' id='word_1_1079' title='bbox 1788 1032 1894 1062; x_wconf 90' lang='lat' dir='ltr'>eodem</span> <span class='ocrx_word' id='word_1_1080' title='bbox 1903 1031 2037 1072; x_wconf 86' lang='lat' dir='ltr'>Burgo&amp;</span> <span class='ocrx_word' id='word_1_1081' title='bbox 2048 1032 2193 1064; x_wconf 85' lang='lat' dir='ltr'>Membris</span> <span class='ocrx_word' id='word_1_1082' title='bbox 2205 1035 2268 1072; x_wconf 86' lang='lat' dir='ltr'>ejus</span> <span class='ocrx_word' id='word_1_1083' title='bbox 2281 1045 2329 1066; x_wconf 82' lang='lat' dir='ltr'>em</span> 
     </span>
     <span class='ocr_line' id='line_1_134' title="bbox 1275 1060 2345 1110; baseline 0.006 -11"><span class='ocrx_word' id='word_1_1084' title='bbox 1275 1070 1309 1099; x_wconf 86' lang='lat'>&amp;</span> <span class='ocrx_word' id='word_1_1085' title='bbox 1338 1070 1554 1100; x_wconf 78' lang='lat' dir='ltr'>Ierretenentes</span> <span class='ocrx_word' id='word_1_1086' title='bbox 1579 1071 1608 1099; x_wconf 90' lang='lat' dir='ltr'>in</span> <span class='ocrx_word' id='word_1_1087' title='bbox 1627 1071 1749 1108; x_wconf 74' lang='lat' dir='ltr'>eisdem,</span> <span class='ocrx_word' id='word_1_1088' title='bbox 1768 1070 1886 1101; x_wconf 89' lang='lat' dir='ltr'>Navem</span> <span class='ocrx_word' id='word_1_1089' title='bbox 1903 1071 1947 1101; x_wconf 92' lang='lat' dir='ltr'>vel</span> <span class='ocrx_word' id='word_1_1090' title='bbox 1971 1080 2078 1109; x_wconf 76' lang='lat' dir='ltr'>partem</span> <span class='ocrx_word' id='word_1_1091' title='bbox 2100 1071 2195 1103; x_wconf 84' lang='lat' dir='ltr'>Navis</span> <span class='ocrx_word' id='word_1_1092' title='bbox 2214 1060 2345 1110; x_wconf 61' lang='lat' dir='ltr'>predicte</span> 
     </span>
     <span class='ocr_line' id='line_1_135' title="bbox 1276 1107 2346 1152; baseline 0.008 -16"><span class='ocrx_word' id='word_1_1093' title='bbox 1276 1117 1335 1137; x_wconf 90' lang='lat' dir='ltr'>non</span> <span class='ocrx_word' id='word_1_1094' title='bbox 1350 1109 1504 1152; x_wconf 78' lang='lat' dir='ltr'>habentes,</span> <span class='ocrx_word' id='word_1_1095' title='bbox 1523 1108 1568 1149; x_wconf 80' lang='lat' dir='ltr'>vel</span> <span class='ocrx_word' id='word_1_1096' title='bbox 1581 1109 1610 1137; x_wconf 90' lang='lat' dir='ltr'>in</span> <span class='ocrx_word' id='word_1_1097' title='bbox 1621 1107 1732 1151; x_wconf 70' lang='lat' dir='ltr'>eisdem</span> <span class='ocrx_word' id='word_1_1098' title='bbox 1748 1119 1809 1139; x_wconf 88' lang='lat' dir='ltr'>non</span> <span class='ocrx_word' id='word_1_1099' title='bbox 1827 1109 2028 1147; x_wconf 84' lang='lat' dir='ltr'>deservientes,</span> <span class='ocrx_word' id='word_1_1100' title='bbox 2046 1110 2080 1140; x_wconf 88' lang='lat' dir='ltr'>ad</span> <span class='ocrx_word' id='word_1_1101' title='bbox 2099 1112 2346 1145; x_wconf 84' lang='lat' dir='ltr'>contribuendum</span> 
     </span>
     <span class='ocr_line' id='line_1_136' title="bbox 1274 1145 2347 1191; baseline 0.007 -16"><span class='ocrx_word' id='word_1_1102' title='bbox 1274 1145 1410 1190; x_wconf 78' lang='lat' dir='ltr'>Expenlis</span> <span class='ocrx_word' id='word_1_1103' title='bbox 1433 1156 1510 1176; x_wconf 87' lang='lat' dir='ltr'>circa</span> <span class='ocrx_word' id='word_1_1104' title='bbox 1541 1145 1738 1176; x_wconf 77' lang='lat' dir='ltr'>Proviiionem</span> <span class='ocrx_word' id='word_1_1105' title='bbox 1760 1146 1969 1178; x_wconf 86' lang='lat' dir='ltr'>Premifforum</span> <span class='ocrx_word' id='word_1_1106' title='bbox 1993 1148 2175 1187; x_wconf 70' lang='lat' dir='ltr'>necessariis3</span> <span class='ocrx_word' id='word_1_1107' title='bbox 2207 1150 2245 1180; x_wconf 87' lang='lat' dir='ltr'>Et</span> <span class='ocrx_word' id='word_1_1108' title='bbox 2266 1151 2347 1191; x_wconf 87' lang='lat' dir='ltr'>super</span> 
     </span>
     <span class='ocr_line' id='line_1_137' title="bbox 1274 1184 2347 1228; baseline 0.007 -14"><span class='ocrx_word' id='word_1_1109' title='bbox 1274 1185 1435 1222; x_wconf 63' lang='lat' dir='ltr'>predlstum</span> <span class='ocrx_word' id='word_1_1110' title='bbox 1447 1184 1576 1221; x_wconf 83' lang='lat' dir='ltr'>Burgum</span> <span class='ocrx_word' id='word_1_1111' title='bbox 1583 1193 1653 1228; x_wconf 87' lang='lat' dir='ltr'>cum</span> <span class='ocrx_word' id='word_1_1112' title='bbox 1663 1184 1802 1228; x_wconf 85' lang='lat' dir='ltr'>membris</span> <span class='ocrx_word' id='word_1_1113' title='bbox 1809 1186 1934 1223; x_wconf 88' lang='lat' dir='ltr'>ejusdem</span> <span class='ocrx_word' id='word_1_1114' title='bbox 1942 1209 1952 1226; x_wconf 89' lang='lat'>,</span> <span class='ocrx_word' id='word_1_1115' title='bbox 1960 1186 1998 1217; x_wconf 84' lang='lat' dir='ltr'>fic</span> <span class='ocrx_word' id='word_1_1116' title='bbox 2015 1187 2057 1225; x_wconf 87' lang='lat' dir='ltr'>(ut</span> <span class='ocrx_word' id='word_1_1117' title='bbox 2066 1188 2217 1226; x_wconf 89' lang='lat' dir='ltr'>prefertur)</span> <span class='ocrx_word' id='word_1_1118' title='bbox 2226 1190 2347 1222; x_wconf 80' lang='lat' dir='ltr'>affiden—</span> 
     </span>
     <span class='ocr_line' id='line_1_138' title="bbox 1275 1222 2347 1264; baseline 0.008 -12"><span class='ocrx_word' id='word_1_1119' title='bbox 1275 1222 1347 1253; x_wconf 89' lang='lat' dir='ltr'>dum</span> <span class='ocrx_word' id='word_1_1120' title='bbox 1360 1225 1392 1253; x_wconf 73' lang='grc' dir='ltr'>ὅ(</span> <span class='ocrx_word' id='word_1_1121' title='bbox 1407 1224 1592 1262; x_wconf 90' lang='lat' dir='ltr'>ponendum,</span> <span class='ocrx_word' id='word_1_1122' title='bbox 1610 1223 1764 1261; x_wconf 87' lang='lat' dir='ltr'>videlicet,</span> <span class='ocrx_word' id='word_1_1123' title='bbox 1782 1225 1938 1261; x_wconf 90' lang='lat' dir='ltr'>quemlibet</span> <span class='ocrx_word' id='word_1_1124' title='bbox 1945 1235 2048 1256; x_wconf 85' lang='lat' dir='ltr'>eorum</span> <span class='ocrx_word' id='word_1_1125' title='bbox 2059 1227 2136 1264; x_wconf 87' lang='lat' dir='ltr'>juxta</span> <span class='ocrx_word' id='word_1_1126' title='bbox 2147 1226 2252 1258; x_wconf 89' lang='lat' dir='ltr'>statum</span> <span class='ocrx_word' id='word_1_1127' title='bbox 2261 1228 2347 1261; x_wconf 89' lang='lat' dir='ltr'>suum</span> 
     </span>
     <span class='ocr_line' id='line_1_139' title="bbox 1275 1262 2347 1306; baseline 0.006 -14"><span class='ocrx_word' id='word_1_1128' title='bbox 1275 1262 1309 1292; x_wconf 89' lang='lat'>&amp;</span> <span class='ocrx_word' id='word_1_1129' title='bbox 1323 1262 1468 1306; x_wconf 71' lang='lat' dir='ltr'>facultates</span> <span class='ocrx_word' id='word_1_1130' title='bbox 1482 1262 1558 1300; x_wconf 85' lang='lat' dir='ltr'>suas,</span> <span class='ocrx_word' id='word_1_1131' title='bbox 1573 1263 1607 1293; x_wconf 67' lang='grc' dir='ltr'>ὅ(</span> <span class='ocrx_word' id='word_1_1132' title='bbox 1626 1263 1770 1299; x_wconf 86' lang='lat' dir='ltr'>portiones</span> <span class='ocrx_word' id='word_1_1133' title='bbox 1782 1262 1863 1300; x_wconf 86' lang='lat' dir='ltr'>super</span> <span class='ocrx_word' id='word_1_1134' title='bbox 1879 1263 1952 1300; x_wconf 83' lang='lat' dir='ltr'>ipsos</span> <span class='ocrx_word' id='word_1_1135' title='bbox 1967 1262 2092 1302; x_wconf 82' lang='lat' dir='ltr'>asseffas,</span> <span class='ocrx_word' id='word_1_1136' title='bbox 2110 1274 2159 1302; x_wconf 89' lang='lat' dir='ltr'>per</span> <span class='ocrx_word' id='word_1_1137' title='bbox 2176 1265 2347 1298; x_wconf 69' lang='lat' dir='ltr'>Distrietio-</span> 
     </span>
     <span class='ocr_line' id='line_1_140' title="bbox 1274 1300 2343 1345; baseline 0.007 -15"><span class='ocrx_word' id='word_1_1138' title='bbox 1274 1310 1323 1331; x_wconf 89' lang='lat' dir='ltr'>nes</span> <span class='ocrx_word' id='word_1_1139' title='bbox 1334 1301 1436 1345; x_wconf 84' lang='lat' dir='ltr'>aliosve</span> <span class='ocrx_word' id='word_1_1140' title='bbox 1451 1301 1556 1331; x_wconf 83' lang='lat' dir='ltr'>modos</span> <span class='ocrx_word' id='word_1_1141' title='bbox 1579 1300 1690 1331; x_wconf 83' lang='lat' dir='ltr'>debitos</span> <span class='ocrx_word' id='word_1_1142' title='bbox 1708 1300 1838 1331; x_wconf 84' lang='lat' dir='ltr'>levandas</span> <span class='ocrx_word' id='word_1_1143' title='bbox 1851 1311 1862 1338; x_wconf 77' lang='lat'>‚-</span> <span class='ocrx_word' id='word_1_1144' title='bbox 1883 1301 1922 1332; x_wconf 87' lang='lat' dir='ltr'>Et</span> <span class='ocrx_word' id='word_1_1145' title='bbox 1937 1301 2116 1333; x_wconf 72' lang='lat' dir='ltr'>Colle&amp;0res</span> <span class='ocrx_word' id='word_1_1146' title='bbox 2131 1305 2162 1334; x_wconf 91' lang='lat' dir='ltr'>in</span> <span class='ocrx_word' id='word_1_1147' title='bbox 2183 1305 2239 1336; x_wconf 85' lang='lat' dir='ltr'>hac</span> <span class='ocrx_word' id='word_1_1148' title='bbox 2264 1315 2343 1345; x_wconf 86' lang='lat' dir='ltr'>parte</span> 
     </span>
     <span class='ocr_line' id='line_1_141' title="bbox 1275 1338 2343 1379; baseline 0.005 -11"><span class='ocrx_word' id='word_1_1149' title='bbox 1275 1339 1486 1370; x_wconf 87' lang='lat' dir='ltr'>nominandum</span> <span class='ocrx_word' id='word_1_1150' title='bbox 1503 1340 1537 1370; x_wconf 93' lang='lat'>&amp;</span> <span class='ocrx_word' id='word_1_1151' title='bbox 1551 1338 1803 1377; x_wconf 89' lang='lat' dir='ltr'>constituendum,</span> <span class='ocrx_word' id='word_1_1152' title='bbox 1829 1339 1862 1370; x_wconf 87' lang='lat'>&amp;</span> <span class='ocrx_word' id='word_1_1153' title='bbox 1879 1348 1981 1371; x_wconf 88' lang='lat' dir='ltr'>omnes</span> <span class='ocrx_word' id='word_1_1154' title='bbox 1998 1349 2047 1370; x_wconf 91' lang='lat' dir='ltr'>eos</span> <span class='ocrx_word' id='word_1_1155' title='bbox 2061 1350 2133 1379; x_wconf 90' lang='lat' dir='ltr'>quos</span> <span class='ocrx_word' id='word_1_1156' title='bbox 2156 1342 2290 1376; x_wconf 87' lang='lat' dir='ltr'>Rebelles</span> <span class='ocrx_word' id='word_1_1157' title='bbox 2307 1347 2343 1377; x_wconf 88' lang='lat'>&amp;</span> 
     </span>
     <span class='ocr_line' id='line_1_142' title="bbox 1275 1376 2343 1417; baseline 0.001 -9"><span class='ocrx_word' id='word_1_1158' title='bbox 1275 1380 1435 1409; x_wconf 88' lang='lat' dir='ltr'>contrarios</span> <span class='ocrx_word' id='word_1_1159' title='bbox 1448 1379 1609 1409; x_wconf 89' lang='lat' dir='ltr'>inveneritis</span> <span class='ocrx_word' id='word_1_1160' title='bbox 1626 1379 1657 1408; x_wconf 89' lang='lat' dir='ltr'>iri</span> <span class='ocrx_word' id='word_1_1161' title='bbox 1678 1377 1839 1416; x_wconf 81' lang='lat' dir='ltr'>Premissis,</span> <span class='ocrx_word' id='word_1_1162' title='bbox 1860 1376 1979 1409; x_wconf 89' lang='lat' dir='ltr'>Carceri</span> <span class='ocrx_word' id='word_1_1163' title='bbox 1992 1380 2214 1417; x_wconf 85' lang='lat' dir='ltr'>mancipandum</span> <span class='ocrx_word' id='word_1_1164' title='bbox 2249 1385 2278 1414; x_wconf 94' lang='lat' dir='ltr'>in</span> <span class='ocrx_word' id='word_1_1165' title='bbox 2291 1394 2343 1414; x_wconf 92' lang='lat' dir='ltr'>eo-</span> 
     </span>
     <span class='ocr_line' id='line_1_143' title="bbox 1272 1406 2343 1455; baseline 0.007 -9"><span class='ocrx_word' id='word_1_1166' title='bbox 1272 1416 1340 1447; x_wconf 84' lang='lat' dir='ltr'>dem</span> <span class='ocrx_word' id='word_1_1167' title='bbox 1356 1425 1518 1447; x_wconf 83' lang='lat' dir='ltr'>moraturos</span> <span class='ocrx_word' id='word_1_1168' title='bbox 1532 1416 1679 1455; x_wconf 87' lang='lat' dir='ltr'>quousque</span> <span class='ocrx_word' id='word_1_1169' title='bbox 1692 1426 1745 1455; x_wconf 85' lang='lat' dir='ltr'>pro</span> <span class='ocrx_word' id='word_1_1170' title='bbox 1758 1426 1861 1447; x_wconf 91' lang='lat' dir='ltr'>eorum</span> <span class='ocrx_word' id='word_1_1171' title='bbox 1876 1416 2079 1449; x_wconf 84' lang='lat' dir='ltr'>deliberatione</span> <span class='ocrx_word' id='word_1_1172' title='bbox 2096 1419 2211 1451; x_wconf 84' lang='lat' dir='ltr'>ulterius</span> <span class='ocrx_word' id='word_1_1173' title='bbox 2223 1406 2343 1454; x_wconf 77' lang='lat' dir='ltr'>&#39;duxeri-</span> 
     </span>
     <span class='ocr_line' id='line_1_144' title="bbox 1277 1455 1559 1488; baseline 0.004 -3"><span class='ocrx_word' id='word_1_1174' title='bbox 1277 1465 1341 1485; x_wconf 88' lang='lat' dir='ltr'>mus</span> <span class='ocrx_word' id='word_1_1175' title='bbox 1358 1455 1559 1488; x_wconf 89' lang='lat' dir='ltr'>ordinandum.</span> 
     </span>
    </p>

    <p class='ocr_par' dir='ltr' id='par_1_27' title="bbox 1273 1494 2343 1992">
     <span class='ocr_line' id='line_1_145' title="bbox 1314 1494 2332 1538; baseline 0.006 -14"><span class='ocrx_word' id='word_1_1176' title='bbox 1314 1495 1525 1537; x_wconf 80' lang='lat' dir='ltr'>Affignavimus</span> <span class='ocrx_word' id='word_1_1177' title='bbox 1539 1496 1626 1527; x_wconf 88' lang='lat' dir='ltr'>etiam</span> <span class='ocrx_word' id='word_1_1178' title='bbox 1641 1504 1668 1527; x_wconf 90' lang='lat' dir='ltr'>te</span> <span class='ocrx_word' id='word_1_1179' title='bbox 1683 1495 1822 1535; x_wconf 84' lang='lat' dir='ltr'>prefatum</span> <span class='ocrx_word' id='word_1_1180' title='bbox 1840 1495 1986 1534; x_wconf 78' lang='lat' dir='ltr'>Maiorem</span> <span class='ocrx_word' id='word_1_1181' title='bbox 2000 1494 2088 1534; x_wconf 87' lang='lat' dir='ltr'>Burgi</span> <span class='ocrx_word' id='word_1_1182' title='bbox 2104 1497 2139 1528; x_wconf 90' lang='lat' dir='ltr'>de</span> <span class='ocrx_word' id='word_1_1183' title='bbox 2156 1500 2242 1538; x_wconf 84' lang='lat' dir='ltr'>Lyme</span> <span class='ocrx_word' id='word_1_1184' title='bbox 2250 1502 2332 1538; x_wconf 78' lang='lat' dir='ltr'>Regis</span> 
     </span>
     <span class='ocr_line' id='line_1_146' title="bbox 1274 1523 2343 1580; baseline 0.007 -17"><span class='ocrx_word' id='word_1_1185' title='bbox 1274 1533 1310 1563; x_wconf 87' lang='lat' dir='ltr'>ad</span> <span class='ocrx_word' id='word_1_1186' title='bbox 1323 1534 1498 1580; x_wconf 76' lang='lat' dir='ltr'>alliciendum</span> <span class='ocrx_word' id='word_1_1187' title='bbox 1513 1544 1615 1565; x_wconf 86' lang='lat' dir='ltr'>omnes</span> <span class='ocrx_word' id='word_1_1188' title='bbox 1624 1534 1771 1566; x_wconf 86' lang='lat' dir='ltr'>Homines</span> <span class='ocrx_word' id='word_1_1189' title='bbox 1783 1537 1812 1565; x_wconf 92' lang='lat' dir='ltr'>in</span> <span class='ocrx_word' id='word_1_1190' title='bbox 1828 1536 1931 1566; x_wconf 89' lang='lat' dir='ltr'>eodem</span> <span class='ocrx_word' id='word_1_1191' title='bbox 1948 1535 2049 1574; x_wconf 66' lang='lat' dir='ltr'>Burgo,</span> <span class='ocrx_word' id='word_1_1192' title='bbox 2059 1536 2093 1566; x_wconf 68' lang='grc' dir='ltr'>ὃ(</span> <span class='ocrx_word' id='word_1_1193' title='bbox 2110 1535 2257 1568; x_wconf 89' lang='lat' dir='ltr'>Membris</span> <span class='ocrx_word' id='word_1_1194' title='bbox 2269 1523 2343 1578; x_wconf 68' lang='lat' dir='ltr'>ejus³</span> 
     </span>
     <span class='ocr_line' id='line_1_147' title="bbox 1273 1573 2343 1615; baseline 0.007 -13"><span class='ocrx_word' id='word_1_1195' title='bbox 1273 1573 1359 1615; x_wconf 83' lang='lat' dir='ltr'>deni,</span> <span class='ocrx_word' id='word_1_1196' title='bbox 1377 1574 1411 1603; x_wconf 86' lang='lat'>&amp;</span> <span class='ocrx_word' id='word_1_1197' title='bbox 1433 1573 1456 1603; x_wconf 89' lang='grc' dir='ltr'><strong>Γ</strong></span> <span class='ocrx_word' id='word_1_1198' title='bbox 1458 1581 1648 1605; x_wconf 88' lang='lat' dir='ltr'>erretenentes</span> <span class='ocrx_word' id='word_1_1199' title='bbox 1669 1574 1701 1604; x_wconf 90' lang='lat' dir='ltr'>in</span> <span class='ocrx_word' id='word_1_1200' title='bbox 1723 1574 1846 1612; x_wconf 86' lang='lat' dir='ltr'>eisdem,</span> <span class='ocrx_word' id='word_1_1201' title='bbox 1862 1574 1983 1605; x_wconf 86' lang='lat' dir='ltr'>Navem</span> <span class='ocrx_word' id='word_1_1202' title='bbox 1993 1573 2038 1604; x_wconf 90' lang='lat' dir='ltr'>vel</span> <span class='ocrx_word' id='word_1_1203' title='bbox 2052 1582 2161 1613; x_wconf 80' lang='lat' dir='ltr'>partem</span> <span class='ocrx_word' id='word_1_1204' title='bbox 2172 1575 2343 1613; x_wconf 44' lang='lat' dir='ltr'>Navis-pred</span> 
     </span>
     <span class='ocr_line' id='line_1_148' title="bbox 1274 1611 2343 1655; baseline 0.007 -15"><span class='ocrx_word' id='word_1_1205' title='bbox 1274 1611 1356 1641; x_wconf 67' lang='lat' dir='ltr'>dicte</span> <span class='ocrx_word' id='word_1_1206' title='bbox 1373 1621 1433 1641; x_wconf 91' lang='lat' dir='ltr'>non</span> <span class='ocrx_word' id='word_1_1207' title='bbox 1459 1611 1613 1655; x_wconf 68' lang='lat' dir='ltr'>babentes,</span> <span class='ocrx_word' id='word_1_1208' title='bbox 1634 1612 1679 1642; x_wconf 87' lang='lat' dir='ltr'>vel</span> <span class='ocrx_word' id='word_1_1209' title='bbox 1702 1613 1731 1642; x_wconf 90' lang='lat' dir='ltr'>in</span> <span class='ocrx_word' id='word_1_1210' title='bbox 1753 1613 1854 1643; x_wconf 86' lang='lat' dir='ltr'>eadem</span> <span class='ocrx_word' id='word_1_1211' title='bbox 1878 1622 1940 1643; x_wconf 91' lang='lat' dir='ltr'>non</span> <span class='ocrx_word' id='word_1_1212' title='bbox 1961 1611 2163 1653; x_wconf 87' lang='lat' dir='ltr'>deservientes,</span> <span class='ocrx_word' id='word_1_1213' title='bbox 2178 1614 2213 1645; x_wconf 88' lang='lat' dir='ltr'>ad</span> <span class='ocrx_word' id='word_1_1214' title='bbox 2231 1618 2343 1647; x_wconf 85' lang='lat' dir='ltr'>contri-</span> 
     </span>
     <span class='ocr_line' id='line_1_149' title="bbox 1274 1650 2342 1687; baseline 0.007 -8"><span class='ocrx_word' id='word_1_1215' title='bbox 1274 1650 1422 1680; x_wconf 90' lang='lat' dir='ltr'>buendum</span> <span class='ocrx_word' id='word_1_1216' title='bbox 1445 1650 1578 1687; x_wconf 69' lang='lat' dir='ltr'>hxpeniis</span> <span class='ocrx_word' id='word_1_1217' title='bbox 1599 1651 1677 1681; x_wconf 90' lang='lat' dir='ltr'>circa</span> <span class='ocrx_word' id='word_1_1218' title='bbox 1708 1650 1908 1682; x_wconf 85' lang='lat' dir='ltr'>Provisionem</span> <span class='ocrx_word' id='word_1_1219' title='bbox 1930 1650 2138 1682; x_wconf 87' lang='lat' dir='ltr'>Premifforum</span> <span class='ocrx_word' id='word_1_1220' title='bbox 2165 1653 2342 1686; x_wconf 45' lang='lat' dir='ltr'>necessariis*</span> 
     </span>
     <span class='ocr_line' id='line_1_150' title="bbox 1276 1678 2343 1730; baseline 0.001 -12"><span class='ocrx_word' id='word_1_1221' title='bbox 1276 1687 1314 1718; x_wconf 89' lang='lat' dir='ltr'>Et</span> <span class='ocrx_word' id='word_1_1222' title='bbox 1322 1688 1399 1726; x_wconf 84' lang='lat' dir='ltr'>super</span> <span class='ocrx_word' id='word_1_1223' title='bbox 1406 1690 1568 1728; x_wconf 70' lang='lat' dir='ltr'>predictum</span> <span class='ocrx_word' id='word_1_1224' title='bbox 1583 1688 1712 1727; x_wconf 85' lang='lat' dir='ltr'>Burgum</span> <span class='ocrx_word' id='word_1_1225' title='bbox 1729 1700 1799 1721; x_wconf 90' lang='lat' dir='ltr'>curn</span> <span class='ocrx_word' id='word_1_1226' title='bbox 1813 1690 1952 1720; x_wconf 84' lang='lat' dir='ltr'>membris</span> <span class='ocrx_word' id='word_1_1227' title='bbox 1966 1689 2103 1729; x_wconf 86' lang='lat' dir='ltr'>ejusdem,</span> <span class='ocrx_word' id='word_1_1228' title='bbox 2123 1691 2163 1722; x_wconf 88' lang='lat' dir='ltr'>sic</span> <span class='ocrx_word' id='word_1_1229' title='bbox 2181 1696 2227 1726; x_wconf 89' lang='lat' dir='ltr'>(ut</span> <span class='ocrx_word' id='word_1_1230' title='bbox 2236 1678 2343 1730; x_wconf 60' lang='lat' dir='ltr'>prefer-2</span> 
     </span>
     <span class='ocr_line' id='line_1_151' title="bbox 1276 1728 2343 1771; baseline 0.004 -13"><span class='ocrx_word' id='word_1_1231' title='bbox 1276 1730 1332 1764; x_wconf 87' lang='lat' dir='ltr'>tur)</span> <span class='ocrx_word' id='word_1_1232' title='bbox 1350 1728 1528 1771; x_wconf 81' lang='lat' dir='ltr'>affidendum</span> <span class='ocrx_word' id='word_1_1233' title='bbox 1542 1729 1575 1760; x_wconf 88' lang='lat'>&amp;</span> <span class='ocrx_word' id='word_1_1234' title='bbox 1598 1729 1781 1768; x_wconf 85' lang='lat' dir='ltr'>ponendum,</span> <span class='ocrx_word' id='word_1_1235' title='bbox 1796 1728 1946 1767; x_wconf 85' lang='lat' dir='ltr'>videlicet,</span> <span class='ocrx_word' id='word_1_1236' title='bbox 1962 1729 2120 1766; x_wconf 86' lang='lat' dir='ltr'>quemlibet</span> <span class='ocrx_word' id='word_1_1237' title='bbox 2145 1739 2247 1761; x_wconf 84' lang='lat' dir='ltr'>eorum</span> <span class='ocrx_word' id='word_1_1238' title='bbox 2267 1733 2343 1769; x_wconf 77' lang='lat' dir='ltr'>juxta</span> 
     </span>
     <span class='ocr_line' id='line_1_152' title="bbox 1275 1766 2339 1810; baseline 0.007 -14"><span class='ocrx_word' id='word_1_1239' title='bbox 1275 1766 1381 1798; x_wconf 81' lang='lat' dir='ltr'>statum</span> <span class='ocrx_word' id='word_1_1240' title='bbox 1397 1772 1479 1798; x_wconf 77' lang='lat' dir='ltr'>tuum</span> <span class='ocrx_word' id='word_1_1241' title='bbox 1499 1769 1532 1800; x_wconf 89' lang='lat'>&amp;</span> <span class='ocrx_word' id='word_1_1242' title='bbox 1548 1768 1692 1798; x_wconf 87' lang='lat' dir='ltr'>facultates</span> <span class='ocrx_word' id='word_1_1243' title='bbox 1711 1768 1784 1806; x_wconf 71' lang='lat' dir='ltr'>suaS,</span> <span class='ocrx_word' id='word_1_1244' title='bbox 1800 1768 1833 1798; x_wconf 89' lang='lat'>&amp;</span> <span class='ocrx_word' id='word_1_1245' title='bbox 1855 1768 1999 1805; x_wconf 83' lang='lat' dir='ltr'>portiones</span> <span class='ocrx_word' id='word_1_1246' title='bbox 2018 1766 2098 1807; x_wconf 86' lang='lat' dir='ltr'>supe-r</span> <span class='ocrx_word' id='word_1_1247' title='bbox 2120 1768 2192 1806; x_wconf 89' lang='lat' dir='ltr'>ipsos</span> <span class='ocrx_word' id='word_1_1248' title='bbox 2209 1770 2339 1810; x_wconf 74' lang='lat' dir='ltr'>afleffis,</span> 
     </span>
     <span class='ocr_line' id='line_1_153' title="bbox 1278 1805 2341 1850; baseline 0.005 -14"><span class='ocrx_word' id='word_1_1249' title='bbox 1278 1815 1326 1850; x_wconf 84' lang='lat' dir='ltr'>per</span> <span class='ocrx_word' id='word_1_1250' title='bbox 1339 1805 1530 1837; x_wconf 62' lang='lat' dir='ltr'>distritfitiones</span> <span class='ocrx_word' id='word_1_1251' title='bbox 1544 1806 1651 1837; x_wconf 89' lang='lat' dir='ltr'>aliosve</span> <span class='ocrx_word' id='word_1_1252' title='bbox 1665 1807 1768 1837; x_wconf 91' lang='lat' dir='ltr'>modos</span> <span class='ocrx_word' id='word_1_1253' title='bbox 1787 1806 1900 1837; x_wconf 79' lang='lat' dir='ltr'>debitos</span> <span class='ocrx_word' id='word_1_1254' title='bbox 1915 1805 2084 1844; x_wconf 59' lang='lat' dir='ltr'>levandum,</span> <span class='ocrx_word' id='word_1_1255' title='bbox 2103 1806 2143 1837; x_wconf 87' lang='lat' dir='ltr'>Et</span> <span class='ocrx_word' id='word_1_1256' title='bbox 2159 1807 2341 1842; x_wconf 65' lang='lat' dir='ltr'>Colleiftores</span> 
     </span>
     <span class='ocr_line' id='line_1_154' title="bbox 1278 1844 2343 1886; baseline 0.004 -11"><span class='ocrx_word' id='word_1_1257' title='bbox 1278 1855 1306 1874; x_wconf 91' lang='lat' dir='ltr'>in</span> <span class='ocrx_word' id='word_1_1258' title='bbox 1323 1846 1375 1875; x_wconf 86' lang='lat' dir='ltr'>hac</span> <span class='ocrx_word' id='word_1_1259' title='bbox 1389 1855 1465 1883; x_wconf 79' lang='lat' dir='ltr'>parte</span> <span class='ocrx_word' id='word_1_1260' title='bbox 1480 1846 1687 1876; x_wconf 84' lang='lat' dir='ltr'>nominandum</span> <span class='ocrx_word' id='word_1_1261' title='bbox 1704 1847 1736 1876; x_wconf 71' lang='grc' dir='ltr'>ὅ(</span> <span class='ocrx_word' id='word_1_1262' title='bbox 1753 1844 2007 1882; x_wconf 89' lang='lat' dir='ltr'>constituendum,</span> <span class='ocrx_word' id='word_1_1263' title='bbox 2023 1845 2058 1877; x_wconf 91' lang='lat'>&amp;</span> <span class='ocrx_word' id='word_1_1264' title='bbox 2073 1855 2176 1876; x_wconf 86' lang='lat' dir='ltr'>omnes</span> <span class='ocrx_word' id='word_1_1265' title='bbox 2195 1857 2246 1877; x_wconf 89' lang='lat' dir='ltr'>eos</span> <span class='ocrx_word' id='word_1_1266' title='bbox 2269 1858 2343 1886; x_wconf 80' lang='lat' dir='ltr'>quos</span> 
     </span>
     <span class='ocr_line' id='line_1_155' title="bbox 1276 1882 2341 1925; baseline 0.001 -10"><span class='ocrx_word' id='word_1_1267' title='bbox 1276 1884 1408 1915; x_wconf 83' lang='lat' dir='ltr'>Rebelles</span> <span class='ocrx_word' id='word_1_1268' title='bbox 1424 1886 1456 1915; x_wconf 64' lang='grc' dir='ltr'>ἃ</span> <span class='ocrx_word' id='word_1_1269' title='bbox 1471 1887 1629 1914; x_wconf 78' lang='lat' dir='ltr'>contrarios</span> <span class='ocrx_word' id='word_1_1270' title='bbox 1651 1884 1791 1914; x_wconf 87' lang='lat' dir='ltr'>inveneris</span> <span class='ocrx_word' id='word_1_1271' title='bbox 1810 1884 1838 1913; x_wconf 93' lang='lat' dir='ltr'>in</span> <span class='ocrx_word' id='word_1_1272' title='bbox 1861 1882 2003 1914; x_wconf 87' lang='lat' dir='ltr'>Premissis</span> <span class='ocrx_word' id='word_1_1273' title='bbox 2014 1905 2023 1920; x_wconf 93' lang='lat'>,</span> <span class='ocrx_word' id='word_1_1274' title='bbox 2034 1882 2152 1914; x_wconf 88' lang='lat' dir='ltr'>Carceri</span> <span class='ocrx_word' id='word_1_1275' title='bbox 2172 1888 2341 1925; x_wconf 79' lang='lat' dir='ltr'>mancipan-</span> 
     </span>
     <span class='ocr_line' id='line_1_156' title="bbox 1277 1921 2343 1961; baseline 0.004 -8"><span class='ocrx_word' id='word_1_1276' title='bbox 1277 1924 1366 1961; x_wconf 82' lang='lat' dir='ltr'>dum,</span> <span class='ocrx_word' id='word_1_1277' title='bbox 1385 1926 1414 1953; x_wconf 86' lang='lat' dir='ltr'>in</span> <span class='ocrx_word' id='word_1_1278' title='bbox 1428 1924 1533 1952; x_wconf 85' lang='lat' dir='ltr'>eodem</span> <span class='ocrx_word' id='word_1_1279' title='bbox 1550 1932 1728 1961; x_wconf 86' lang='lat' dir='ltr'>moraturos,</span> <span class='ocrx_word' id='word_1_1280' title='bbox 1748 1921 1894 1961; x_wconf 90' lang='lat' dir='ltr'>quousque</span> <span class='ocrx_word' id='word_1_1281' title='bbox 1903 1931 1957 1960; x_wconf 86' lang='lat' dir='ltr'>pro</span> <span class='ocrx_word' id='word_1_1282' title='bbox 1969 1931 2071 1952; x_wconf 92' lang='lat' dir='ltr'>eorum</span> <span class='ocrx_word' id='word_1_1283' title='bbox 2087 1922 2290 1957; x_wconf 89' lang='lat' dir='ltr'>deliberatione</span> <span class='ocrx_word' id='word_1_1284' title='bbox 2297 1926 2343 1961; x_wconf 89' lang='lat' dir='ltr'>ul-</span> 
     </span>
     <span class='ocr_line' id='line_1_157' title="bbox 1276 1962 1762 1992; baseline -0.002 0"><span class='ocrx_word' id='word_1_1285' title='bbox 1276 1964 1362 1992; x_wconf 87' lang='lat' dir='ltr'>terius</span> <span class='ocrx_word' id='word_1_1286' title='bbox 1383 1963 1546 1992; x_wconf 77' lang='lat' dir='ltr'>duitetiinns</span> <span class='ocrx_word' id='word_1_1287' title='bbox 1561 1962 1762 1992; x_wconf 88' lang='lat' dir='ltr'>ordinandum.</span> 
     </span>
    </p>

    <p class='ocr_par' dir='ltr' id='par_1_28' title="bbox 1271 1998 2342 2499">
     <span class='ocr_line' id='line_1_158' title="bbox 1314 1998 2342 2041; baseline 0.003 -10"><span class='ocrx_word' id='word_1_1288' title='bbox 1314 2002 1524 2040; x_wconf 75' lang='lat' dir='ltr'>Allignavimus</span> <span class='ocrx_word' id='word_1_1289' title='bbox 1539 2003 1626 2030; x_wconf 86' lang='lat' dir='ltr'>etiam</span> <span class='ocrx_word' id='word_1_1290' title='bbox 1646 2010 1674 2031; x_wconf 89' lang='lat' dir='ltr'>te</span> <span class='ocrx_word' id='word_1_1291' title='bbox 1696 2000 1835 2039; x_wconf 89' lang='lat' dir='ltr'>prefatum</span> <span class='ocrx_word' id='word_1_1292' title='bbox 1860 1998 2008 2038; x_wconf 87' lang='lat' dir='ltr'>Majorem</span> <span class='ocrx_word' id='word_1_1293' title='bbox 2024 1998 2111 2040; x_wconf 90' lang='lat' dir='ltr'>Burgi</span> <span class='ocrx_word' id='word_1_1294' title='bbox 2132 2000 2168 2031; x_wconf 92' lang='lat' dir='ltr'>de</span> <span class='ocrx_word' id='word_1_1295' title='bbox 2182 2002 2286 2041; x_wconf 68' lang='lat' dir='ltr'>Corffb,</span> <span class='ocrx_word' id='word_1_1296' title='bbox 2304 2003 2342 2034; x_wconf 85' lang='lat' dir='ltr'>ad</span> 
     </span>
     <span class='ocr_line' id='line_1_159' title="bbox 1276 2038 2342 2082; baseline 0.002 -12"><span class='ocrx_word' id='word_1_1297' title='bbox 1276 2040 1452 2070; x_wconf 83' lang='lat' dir='ltr'>assidendum</span> <span class='ocrx_word' id='word_1_1298' title='bbox 1466 2049 1567 2070; x_wconf 89' lang='lat' dir='ltr'>omnes</span> <span class='ocrx_word' id='word_1_1299' title='bbox 1583 2039 1715 2070; x_wconf 89' lang='lat' dir='ltr'>homines</span> <span class='ocrx_word' id='word_1_1300' title='bbox 1729 2040 1759 2070; x_wconf 90' lang='lat' dir='ltr'>in</span> <span class='ocrx_word' id='word_1_1301' title='bbox 1772 2039 1874 2069; x_wconf 89' lang='lat' dir='ltr'>eodem</span> <span class='ocrx_word' id='word_1_1302' title='bbox 1891 2038 1985 2078; x_wconf 83' lang='lat' dir='ltr'>Burgo</span> <span class='ocrx_word' id='word_1_1303' title='bbox 2002 2040 2035 2070; x_wconf 71' lang='grc' dir='ltr'>ὅ(</span> <span class='ocrx_word' id='word_1_1304' title='bbox 2051 2040 2189 2070; x_wconf 77' lang='lat' dir='ltr'>membris</span> <span class='ocrx_word' id='word_1_1305' title='bbox 2203 2041 2342 2082; x_wconf 78' lang='lat' dir='ltr'>ejusdem,</span> 
     </span>
     <span class='ocr_line' id='line_1_160' title="bbox 1273 2077 2341 2117; baseline 0.001 -6"><span class='ocrx_word' id='word_1_1306' title='bbox 1273 2080 1307 2111; x_wconf 90' lang='lat'>&amp;</span> <span class='ocrx_word' id='word_1_1307' title='bbox 1325 2079 1548 2109; x_wconf 86' lang='lat' dir='ltr'>Terretenentes</span> <span class='ocrx_word' id='word_1_1308' title='bbox 1571 2079 1601 2108; x_wconf 88' lang='lat' dir='ltr'>iri</span> <span class='ocrx_word' id='word_1_1309' title='bbox 1622 2078 1747 2116; x_wconf 85' lang='lat' dir='ltr'>eisdem,</span> <span class='ocrx_word' id='word_1_1310' title='bbox 1761 2077 1884 2108; x_wconf 89' lang='lat' dir='ltr'>Navem</span> <span class='ocrx_word' id='word_1_1311' title='bbox 1900 2077 1944 2108; x_wconf 79' lang='lat' dir='ltr'>vel</span> <span class='ocrx_word' id='word_1_1312' title='bbox 1968 2086 2079 2115; x_wconf 78' lang='lat' dir='ltr'>partem</span> <span class='ocrx_word' id='word_1_1313' title='bbox 2095 2077 2191 2109; x_wconf 90' lang='lat' dir='ltr'>Navis</span> <span class='ocrx_word' id='word_1_1314' title='bbox 2208 2080 2341 2117; x_wconf 67' lang='lat' dir='ltr'>predicte</span> 
     </span>
     <span class='ocr_line' id='line_1_161' title="bbox 1275 2115 2341 2159; baseline 0.001 -11"><span class='ocrx_word' id='word_1_1315' title='bbox 1275 2127 1337 2148; x_wconf 92' lang='lat' dir='ltr'>non</span> <span class='ocrx_word' id='word_1_1316' title='bbox 1350 2118 1485 2159; x_wconf 84' lang='lat' dir='ltr'>habentes</span> <span class='ocrx_word' id='word_1_1317' title='bbox 1501 2117 1545 2148; x_wconf 91' lang='lat' dir='ltr'>vel</span> <span class='ocrx_word' id='word_1_1318' title='bbox 1561 2117 1591 2147; x_wconf 92' lang='lat' dir='ltr'>in</span> <span class='ocrx_word' id='word_1_1319' title='bbox 1606 2117 1712 2147; x_wconf 87' lang='lat' dir='ltr'>eisdem</span> <span class='ocrx_word' id='word_1_1320' title='bbox 1733 2125 1794 2147; x_wconf 89' lang='lat' dir='ltr'>non</span> <span class='ocrx_word' id='word_1_1321' title='bbox 1811 2116 2012 2154; x_wconf 88' lang='lat' dir='ltr'>deservientes,</span> <span class='ocrx_word' id='word_1_1322' title='bbox 2030 2115 2065 2147; x_wconf 91' lang='lat' dir='ltr'>ad</span> <span class='ocrx_word' id='word_1_1323' title='bbox 2094 2118 2341 2150; x_wconf 88' lang='lat' dir='ltr'>contribuendum</span> 
     </span>
     <span class='ocr_line' id='line_1_162' title="bbox 1274 2154 2342 2196; baseline 0.001 -10"><span class='ocrx_word' id='word_1_1324' title='bbox 1274 2156 1408 2194; x_wconf 83' lang='lat' dir='ltr'>Expenlis</span> <span class='ocrx_word' id='word_1_1325' title='bbox 1430 2157 1507 2186; x_wconf 89' lang='lat' dir='ltr'>circa</span> <span class='ocrx_word' id='word_1_1326' title='bbox 1530 2155 1731 2186; x_wconf 86' lang='lat' dir='ltr'>Provilionem</span> <span class='ocrx_word' id='word_1_1327' title='bbox 1756 2154 1967 2186; x_wconf 83' lang='lat' dir='ltr'>Premifforum</span> <span class='ocrx_word' id='word_1_1328' title='bbox 1997 2154 2178 2194; x_wconf 79' lang='lat' dir='ltr'>neceffariis3</span> <span class='ocrx_word' id='word_1_1329' title='bbox 2203 2155 2240 2187; x_wconf 91' lang='lat' dir='ltr'>Et</span> <span class='ocrx_word' id='word_1_1330' title='bbox 2261 2157 2342 2196; x_wconf 80' lang='lat' dir='ltr'>supet</span> 
     </span>
     <span class='ocr_line' id='line_1_163' title="bbox 1271 2193 2341 2233; baseline 0.001 -7"><span class='ocrx_word' id='word_1_1331' title='bbox 1271 2195 1434 2233; x_wconf 59' lang='lat' dir='ltr'>predictum</span> <span class='ocrx_word' id='word_1_1332' title='bbox 1450 2194 1574 2233; x_wconf 86' lang='lat' dir='ltr'>Burgum</span> <span class='ocrx_word' id='word_1_1333' title='bbox 1589 2203 1658 2224; x_wconf 91' lang='lat' dir='ltr'>cum</span> <span class='ocrx_word' id='word_1_1334' title='bbox 1681 2194 1820 2225; x_wconf 82' lang='lat' dir='ltr'>membris</span> <span class='ocrx_word' id='word_1_1335' title='bbox 1841 2193 1984 2231; x_wconf 87' lang='lat' dir='ltr'>ejusdem,</span> <span class='ocrx_word' id='word_1_1336' title='bbox 2002 2193 2039 2224; x_wconf 87' lang='lat' dir='ltr'>fic</span> <span class='ocrx_word' id='word_1_1337' title='bbox 2055 2196 2099 2231; x_wconf 89' lang='lat' dir='ltr'>(ut</span> <span class='ocrx_word' id='word_1_1338' title='bbox 2112 2195 2262 2232; x_wconf 85' lang='lat' dir='ltr'>prefertur)</span> <span class='ocrx_word' id='word_1_1339' title='bbox 2275 2196 2341 2227; x_wconf 83' lang='lat' dir='ltr'>affi-</span> 
     </span>
     <span class='ocr_line' id='line_1_164' title="bbox 1274 2232 2342 2271; baseline 0 -6"><span class='ocrx_word' id='word_1_1340' title='bbox 1274 2234 1402 2265; x_wconf 90' lang='lat' dir='ltr'>dendum</span> <span class='ocrx_word' id='word_1_1341' title='bbox 1423 2234 1458 2265; x_wconf 87' lang='lat'>&amp;</span> <span class='ocrx_word' id='word_1_1342' title='bbox 1474 2232 1657 2271; x_wconf 83' lang='lat' dir='ltr'>ponendum,</span> <span class='ocrx_word' id='word_1_1343' title='bbox 1677 2232 1826 2269; x_wconf 88' lang='lat' dir='ltr'>videlicet,</span> <span class='ocrx_word' id='word_1_1344' title='bbox 1845 2232 1999 2270; x_wconf 87' lang='lat' dir='ltr'>quemlibet</span> <span class='ocrx_word' id='word_1_1345' title='bbox 2020 2242 2123 2262; x_wconf 91' lang='lat' dir='ltr'>eorum</span> <span class='ocrx_word' id='word_1_1346' title='bbox 2143 2234 2218 2269; x_wconf 80' lang='lat' dir='ltr'>juxta</span> <span class='ocrx_word' id='word_1_1347' title='bbox 2233 2234 2342 2265; x_wconf 86' lang='lat' dir='ltr'>statum</span> 
     </span>
     <span class='ocr_line' id='line_1_165' title="bbox 1275 2270 2340 2310; baseline -0.002 -6"><span class='ocrx_word' id='word_1_1348' title='bbox 1275 2274 1356 2304; x_wconf 91' lang='lat' dir='ltr'>suurn</span> <span class='ocrx_word' id='word_1_1349' title='bbox 1372 2273 1406 2303; x_wconf 84' lang='lat'>&amp;</span> <span class='ocrx_word' id='word_1_1350' title='bbox 1422 2272 1564 2303; x_wconf 82' lang='lat' dir='ltr'>facultates</span> <span class='ocrx_word' id='word_1_1351' title='bbox 1577 2271 1651 2310; x_wconf 88' lang='lat' dir='ltr'>suas,</span> <span class='ocrx_word' id='word_1_1352' title='bbox 1668 2272 1701 2301; x_wconf 89' lang='lat'>&amp;</span> <span class='ocrx_word' id='word_1_1353' title='bbox 1716 2272 1862 2308; x_wconf 84' lang='lat' dir='ltr'>portiones</span> <span class='ocrx_word' id='word_1_1354' title='bbox 1880 2271 1961 2307; x_wconf 88' lang='lat' dir='ltr'>super</span> <span class='ocrx_word' id='word_1_1355' title='bbox 1978 2270 2052 2308; x_wconf 89' lang='lat' dir='ltr'>ipsos</span> <span class='ocrx_word' id='word_1_1356' title='bbox 2075 2271 2202 2308; x_wconf 81' lang='lat' dir='ltr'>affeflas,</span> <span class='ocrx_word' id='word_1_1357' title='bbox 2221 2281 2271 2310; x_wconf 88' lang='lat' dir='ltr'>per</span> <span class='ocrx_word' id='word_1_1358' title='bbox 2293 2273 2340 2303; x_wconf 83' lang='lat' dir='ltr'>di-</span> 
     </span>
     <span class='ocr_line' id='line_1_166' title="bbox 1273 2308 2339 2346; baseline 0.001 -4"><span class='ocrx_word' id='word_1_1359' title='bbox 1273 2311 1434 2342; x_wconf 61' lang='lat' dir='ltr'>strietiones</span> <span class='ocrx_word' id='word_1_1360' title='bbox 1446 2310 1548 2340; x_wconf 84' lang='lat' dir='ltr'>aliosve</span> <span class='ocrx_word' id='word_1_1361' title='bbox 1563 2309 1665 2340; x_wconf 91' lang='lat' dir='ltr'>modos</span> <span class='ocrx_word' id='word_1_1362' title='bbox 1679 2309 1793 2340; x_wconf 87' lang='lat' dir='ltr'>debitos</span> <span class='ocrx_word' id='word_1_1363' title='bbox 1809 2308 1980 2346; x_wconf 68' lang='lat' dir='ltr'>levandum,</span> <span class='ocrx_word' id='word_1_1364' title='bbox 1999 2308 2038 2339; x_wconf 86' lang='lat' dir='ltr'>Et</span> <span class='ocrx_word' id='word_1_1365' title='bbox 2047 2308 2225 2340; x_wconf 62' lang='lat' dir='ltr'>Colleowres</span> <span class='ocrx_word' id='word_1_1366' title='bbox 2241 2311 2270 2340; x_wconf 92' lang='lat' dir='ltr'>in</span> <span class='ocrx_word' id='word_1_1367' title='bbox 2280 2311 2339 2343; x_wconf 85' lang='lat' dir='ltr'>hac</span> 
     </span>
     <span class='ocr_line' id='line_1_167' title="bbox 1274 2347 2338 2388; baseline -0.001 -7"><span class='ocrx_word' id='word_1_1368' title='bbox 1274 2361 1352 2388; x_wconf 83' lang='lat' dir='ltr'>parte</span> <span class='ocrx_word' id='word_1_1369' title='bbox 1364 2349 1573 2380; x_wconf 83' lang='lat' dir='ltr'>nominandum</span> <span class='ocrx_word' id='word_1_1370' title='bbox 1582 2372 1592 2387; x_wconf 85' lang='lat'>,</span> <span class='ocrx_word' id='word_1_1371' title='bbox 1611 2350 1643 2380; x_wconf 73' lang='grc' dir='ltr'>ὃ(</span> <span class='ocrx_word' id='word_1_1372' title='bbox 1659 2347 1890 2378; x_wconf 87' lang='lat' dir='ltr'>constituendum</span> <span class='ocrx_word' id='word_1_1373' title='bbox 1899 2369 1909 2385; x_wconf 91' lang='lat'>,</span> <span class='ocrx_word' id='word_1_1374' title='bbox 1926 2348 2068 2378; x_wconf 89' lang='lat' dir='ltr'>&amp;omnes</span> <span class='ocrx_word' id='word_1_1375' title='bbox 2082 2357 2130 2377; x_wconf 87' lang='lat' dir='ltr'>eos</span> <span class='ocrx_word' id='word_1_1376' title='bbox 2141 2355 2213 2386; x_wconf 81' lang='lat' dir='ltr'>quos</span> <span class='ocrx_word' id='word_1_1377' title='bbox 2227 2348 2338 2380; x_wconf 87' lang='lat' dir='ltr'>Rebel-</span> 
     </span>
     <span class='ocr_line' id='line_1_168' title="bbox 1273 2384 2340 2427; baseline -0.001 -7"><span class='ocrx_word' id='word_1_1378' title='bbox 1273 2390 1312 2421; x_wconf 91' lang='lat' dir='ltr'>les</span> <span class='ocrx_word' id='word_1_1379' title='bbox 1325 2390 1359 2420; x_wconf 88' lang='lat'>&amp;</span> <span class='ocrx_word' id='word_1_1380' title='bbox 1374 2388 1532 2427; x_wconf 81' lang='lat' dir='ltr'>contrarios</span> <span class='ocrx_word' id='word_1_1381' title='bbox 1545 2388 1686 2418; x_wconf 84' lang='lat' dir='ltr'>inveneris</span> <span class='ocrx_word' id='word_1_1382' title='bbox 1702 2388 1731 2416; x_wconf 87' lang='lat' dir='ltr'>in</span> <span class='ocrx_word' id='word_1_1383' title='bbox 1744 2384 1908 2424; x_wconf 82' lang='lat' dir='ltr'>Premiffis,</span> <span class='ocrx_word' id='word_1_1384' title='bbox 1929 2384 2044 2416; x_wconf 91' lang='lat' dir='ltr'>Carceri</span> <span class='ocrx_word' id='word_1_1385' title='bbox 2063 2387 2285 2424; x_wconf 83' lang='lat' dir='ltr'>mancipandum</span> <span class='ocrx_word' id='word_1_1386' title='bbox 2306 2389 2340 2420; x_wconf 82' lang='lat' dir='ltr'>in</span> 
     </span>
     <span class='ocr_line' id='line_1_169' title="bbox 1274 2423 2340 2465; baseline 0 -6"><span class='ocrx_word' id='word_1_1387' title='bbox 1274 2428 1380 2459; x_wconf 90' lang='lat' dir='ltr'>eodem</span> <span class='ocrx_word' id='word_1_1388' title='bbox 1395 2435 1572 2463; x_wconf 79' lang='lat' dir='ltr'>moraturOS,</span> <span class='ocrx_word' id='word_1_1389' title='bbox 1591 2425 1734 2465; x_wconf 89' lang='lat' dir='ltr'>quousque</span> <span class='ocrx_word' id='word_1_1390' title='bbox 1751 2434 1805 2463; x_wconf 91' lang='lat' dir='ltr'>pro</span> <span class='ocrx_word' id='word_1_1391' title='bbox 1817 2433 1921 2456; x_wconf 87' lang='lat' dir='ltr'>eorum</span> <span class='ocrx_word' id='word_1_1392' title='bbox 1933 2423 2138 2456; x_wconf 86' lang='lat' dir='ltr'>deliberatione</span> <span class='ocrx_word' id='word_1_1393' title='bbox 2157 2425 2272 2457; x_wconf 86' lang='lat' dir='ltr'>ulterius</span> <span class='ocrx_word' id='word_1_1394' title='bbox 2284 2426 2340 2459; x_wconf 87' lang='lat' dir='ltr'>du-</span> 
     </span>
     <span class='ocr_line' id='line_1_170' title="bbox 1274 2465 1612 2499; baseline -0.009 -2"><span class='ocrx_word' id='word_1_1395' title='bbox 1274 2468 1398 2499; x_wconf 81' lang='lat' dir='ltr'>xerimus</span> <span class='ocrx_word' id='word_1_1396' title='bbox 1411 2465 1612 2496; x_wconf 86' lang='lat' dir='ltr'>ordinandum.</span> 
     </span>
    </p>

    <p class='ocr_par' dir='ltr' id='par_1_29' title="bbox 1271 2499 2343 2998">
     <span class='ocr_line' id='line_1_171' title="bbox 1319 2499 2339 2543; baseline -0.001 -8"><span class='ocrx_word' id='word_1_1397' title='bbox 1319 2505 1528 2543; x_wconf 82' lang='lat' dir='ltr'>Affignavimus</span> <span class='ocrx_word' id='word_1_1398' title='bbox 1549 2504 1634 2534; x_wconf 86' lang='lat' dir='ltr'>etiam</span> <span class='ocrx_word' id='word_1_1399' title='bbox 1665 2511 1694 2533; x_wconf 87' lang='lat' dir='ltr'>te</span> <span class='ocrx_word' id='word_1_1400' title='bbox 1715 2501 1855 2540; x_wconf 76' lang='lat' dir='ltr'>prefatum</span> <span class='ocrx_word' id='word_1_1401' title='bbox 1881 2500 2029 2535; x_wconf 74' lang='lat' dir='ltr'>Maiorem</span> <span class='ocrx_word' id='word_1_1402' title='bbox 2050 2499 2136 2541; x_wconf 85' lang='lat' dir='ltr'>Burgi</span> <span class='ocrx_word' id='word_1_1403' title='bbox 2159 2501 2195 2534; x_wconf 92' lang='lat' dir='ltr'>de</span> <span class='ocrx_word' id='word_1_1404' title='bbox 2214 2501 2339 2541; x_wconf 82' lang='lat' dir='ltr'>Shafton</span> 
     </span>
     <span class='ocr_line' id='line_1_172' title="bbox 1273 2541 2340 2582; baseline -0.001 -8"><span class='ocrx_word' id='word_1_1405' title='bbox 1273 2544 1337 2574; x_wconf 65' lang='lat' dir='ltr'>alias</span> <span class='ocrx_word' id='word_1_1406' title='bbox 1351 2542 1545 2582; x_wconf 72' lang='lat' dir='ltr'>shaftesbury,</span> <span class='ocrx_word' id='word_1_1407' title='bbox 1563 2542 1599 2572; x_wconf 90' lang='lat' dir='ltr'>ad</span> <span class='ocrx_word' id='word_1_1408' title='bbox 1616 2541 1791 2572; x_wconf 80' lang='lat' dir='ltr'>assidendum</span> <span class='ocrx_word' id='word_1_1409' title='bbox 1806 2549 1907 2570; x_wconf 47' lang='lat' dir='ltr'>omnes</span> <span class='ocrx_word' id='word_1_1410' title='bbox 1921 2541 2051 2570; x_wconf 59' lang='lat' dir='ltr'>nomines</span> <span class='ocrx_word' id='word_1_1411' title='bbox 2070 2541 2100 2570; x_wconf 90' lang='lat' dir='ltr'>in</span> <span class='ocrx_word' id='word_1_1412' title='bbox 2121 2541 2223 2572; x_wconf 91' lang='lat' dir='ltr'>eodem</span> <span class='ocrx_word' id='word_1_1413' title='bbox 2240 2541 2340 2582; x_wconf 89' lang='lat' dir='ltr'>Burgo</span> 
     </span>
     <span class='ocr_line' id='line_1_173' title="bbox 1273 2578 2340 2620; baseline -0.003 -6"><span class='ocrx_word' id='word_1_1414' title='bbox 1273 2584 1305 2614; x_wconf 72' lang='grc' dir='ltr'>ὃ(</span> <span class='ocrx_word' id='word_1_1415' title='bbox 1323 2581 1602 2620; x_wconf 73' lang='lat' dir='ltr'>membrisejusuem,</span> <span class='ocrx_word' id='word_1_1416' title='bbox 1614 2582 1647 2612; x_wconf 66' lang='grc' dir='ltr'>ὃ(</span> <span class='ocrx_word' id='word_1_1417' title='bbox 1664 2580 1887 2611; x_wconf 66' lang='lat' dir='ltr'>Terretenentes</span> <span class='ocrx_word' id='word_1_1418' title='bbox 1906 2580 1934 2608; x_wconf 81' lang='lat' dir='ltr'>in</span> <span class='ocrx_word' id='word_1_1419' title='bbox 1951 2579 2070 2616; x_wconf 72' lang='lat' dir='ltr'>eadem,</span> <span class='ocrx_word' id='word_1_1420' title='bbox 2088 2578 2206 2609; x_wconf 88' lang='lat' dir='ltr'>Navem</span> <span class='ocrx_word' id='word_1_1421' title='bbox 2220 2581 2340 2620; x_wconf 87' lang='lat' dir='ltr'>velpar-</span> 
     </span>
     <span class='ocr_line' id='line_1_174' title="bbox 1274 2617 2340 2660; baseline -0.002 -8"><span class='ocrx_word' id='word_1_1422' title='bbox 1274 2630 1336 2652; x_wconf 87' lang='lat' dir='ltr'>tem</span> <span class='ocrx_word' id='word_1_1423' title='bbox 1349 2620 1444 2651; x_wconf 89' lang='lat' dir='ltr'>Navis</span> <span class='ocrx_word' id='word_1_1424' title='bbox 1458 2620 1585 2660; x_wconf 65' lang='lat' dir='ltr'>predicte</span> <span class='ocrx_word' id='word_1_1425' title='bbox 1601 2629 1660 2648; x_wconf 91' lang='lat' dir='ltr'>non</span> <span class='ocrx_word' id='word_1_1426' title='bbox 1681 2620 1830 2656; x_wconf 57' lang='lat' dir='ltr'>lubentes,</span> <span class='ocrx_word' id='word_1_1427' title='bbox 1850 2618 1893 2647; x_wconf 67' lang='lat' dir='ltr'>rel</span> <span class='ocrx_word' id='word_1_1428' title='bbox 1909 2619 1936 2646; x_wconf 88' lang='lat' dir='ltr'>in</span> <span class='ocrx_word' id='word_1_1429' title='bbox 1953 2617 2056 2647; x_wconf 85' lang='lat' dir='ltr'>eisdem</span> <span class='ocrx_word' id='word_1_1430' title='bbox 2067 2627 2126 2647; x_wconf 91' lang='lat' dir='ltr'>non</span> <span class='ocrx_word' id='word_1_1431' title='bbox 2141 2618 2340 2657; x_wconf 87' lang='lat' dir='ltr'>deiervientes,</span> 
     </span>
     <span class='ocr_line' id='line_1_175' title="bbox 1271 2655 2338 2696; baseline -0.002 -6"><span class='ocrx_word' id='word_1_1432' title='bbox 1271 2660 1306 2691; x_wconf 89' lang='lat' dir='ltr'>ad</span> <span class='ocrx_word' id='word_1_1433' title='bbox 1323 2659 1570 2690; x_wconf 85' lang='lat' dir='ltr'>contribuendum</span> <span class='ocrx_word' id='word_1_1434' title='bbox 1585 2656 1721 2696; x_wconf 75' lang='lat' dir='ltr'>Expenlis</span> <span class='ocrx_word' id='word_1_1435' title='bbox 1742 2658 1818 2686; x_wconf 79' lang='lat' dir='ltr'>circa</span> <span class='ocrx_word' id='word_1_1436' title='bbox 1841 2655 2040 2685; x_wconf 75' lang='lat' dir='ltr'>Proviiionem</span> <span class='ocrx_word' id='word_1_1437' title='bbox 2062 2655 2265 2686; x_wconf 85' lang='lat' dir='ltr'>Premissorum</span> <span class='ocrx_word' id='word_1_1438' title='bbox 2284 2666 2338 2688; x_wconf 91' lang='lat' dir='ltr'>ne-</span> 
     </span>
     <span class='ocr_line' id='line_1_176' title="bbox 1273 2694 2339 2735; baseline -0.004 -6"><span class='ocrx_word' id='word_1_1439' title='bbox 1273 2698 1419 2735; x_wconf 65' lang='lat' dir='ltr'>cessariis,</span> <span class='ocrx_word' id='word_1_1440' title='bbox 1445 2697 1483 2727; x_wconf 84' lang='lat' dir='ltr'>Et</span> <span class='ocrx_word' id='word_1_1441' title='bbox 1504 2697 1582 2734; x_wconf 78' lang='lat' dir='ltr'>super</span> <span class='ocrx_word' id='word_1_1442' title='bbox 1599 2695 1760 2733; x_wconf 67' lang='lat' dir='ltr'>prediCtum</span> <span class='ocrx_word' id='word_1_1443' title='bbox 1786 2695 1910 2732; x_wconf 76' lang='lat' dir='ltr'>Burgum</span> <span class='ocrx_word' id='word_1_1444' title='bbox 1936 2703 2007 2723; x_wconf 79' lang='lat' dir='ltr'>cuin</span> <span class='ocrx_word' id='word_1_1445' title='bbox 2030 2694 2168 2723; x_wconf 85' lang='lat' dir='ltr'>membris</span> <span class='ocrx_word' id='word_1_1446' title='bbox 2190 2694 2339 2734; x_wconf 85' lang='lat' dir='ltr'>ejusdem,</span> 
     </span>
     <span class='ocr_line' id='line_1_177' title="bbox 1275 2732 2343 2773; baseline -0.001 -6"><span class='ocrx_word' id='word_1_1447' title='bbox 1275 2738 1313 2767; x_wconf 88' lang='lat' dir='ltr'>sic</span> <span class='ocrx_word' id='word_1_1448' title='bbox 1332 2745 1360 2766; x_wconf 92' lang='lat' dir='ltr'>ut</span> <span class='ocrx_word' id='word_1_1449' title='bbox 1378 2736 1541 2773; x_wconf 82' lang='lat' dir='ltr'>(prefertur)</span> <span class='ocrx_word' id='word_1_1450' title='bbox 1555 2734 1730 2765; x_wconf 76' lang='lat' dir='ltr'>affidendum</span> <span class='ocrx_word' id='word_1_1451' title='bbox 1747 2735 1779 2764; x_wconf 84' lang='lat'>&amp;</span> <span class='ocrx_word' id='word_1_1452' title='bbox 1795 2732 1983 2770; x_wconf 81' lang='lat' dir='ltr'>ponendum,</span> <span class='ocrx_word' id='word_1_1453' title='bbox 2007 2732 2157 2771; x_wconf 71' lang='lat' dir='ltr'>videlicet,</span> <span class='ocrx_word' id='word_1_1454' title='bbox 2183 2734 2343 2771; x_wconf 87' lang='lat' dir='ltr'>quemlibet</span> 
     </span>
     <span class='ocr_line' id='line_1_178' title="bbox 1274 2769 2303 2812; baseline -0.003 -7"><span class='ocrx_word' id='word_1_1455' title='bbox 1274 2784 1376 2806; x_wconf 87' lang='lat' dir='ltr'>eorum</span> <span class='ocrx_word' id='word_1_1456' title='bbox 1388 2775 1468 2812; x_wconf 60' lang='lat' dir='ltr'>quta</span> <span class='ocrx_word' id='word_1_1457' title='bbox 1482 2773 1585 2804; x_wconf 84' lang='lat' dir='ltr'>statum</span> <span class='ocrx_word' id='word_1_1458' title='bbox 1596 2773 1678 2803; x_wconf 70' lang='lat' dir='ltr'>suum</span> <span class='ocrx_word' id='word_1_1459' title='bbox 1693 2774 1726 2803; x_wconf 88' lang='lat'>&amp;</span> <span class='ocrx_word' id='word_1_1460' title='bbox 1740 2771 1885 2801; x_wconf 82' lang='lat' dir='ltr'>facultates</span> <span class='ocrx_word' id='word_1_1461' title='bbox 1898 2769 1956 2801; x_wconf 90' lang='lat' dir='ltr'>suas</span> <span class='ocrx_word' id='word_1_1462' title='bbox 1966 2792 1975 2807; x_wconf 90' lang='lat'>‚</span> <span class='ocrx_word' id='word_1_1463' title='bbox 1994 2770 2027 2800; x_wconf 89' lang='lat'>&amp;</span> <span class='ocrx_word' id='word_1_1464' title='bbox 2039 2772 2183 2806; x_wconf 82' lang='lat' dir='ltr'>portiones</span> <span class='ocrx_word' id='word_1_1465' title='bbox 2198 2771 2279 2809; x_wconf 83' lang='lat' dir='ltr'>super</span> <span class='ocrx_word' id='word_1_1466' title='bbox 2294 2773 2303 2802; x_wconf 86' lang='lat' dir='ltr'>i</span> 
     </span>
     <span class='ocr_line' id='line_1_179' title="bbox 1273 2783 2340 2850; baseline -0.001 -7"><span class='ocrx_word' id='word_1_1467' title='bbox 1273 2817 1316 2844; x_wconf 76' lang='lat' dir='ltr'>ios</span> <span class='ocrx_word' id='word_1_1468' title='bbox 1330 2813 1452 2850; x_wconf 74' lang='lat' dir='ltr'>asieffiis,</span> <span class='ocrx_word' id='word_1_1469' title='bbox 1471 2822 1518 2849; x_wconf 89' lang='lat' dir='ltr'>per</span> <span class='ocrx_word' id='word_1_1470' title='bbox 1535 2811 1725 2842; x_wconf 71' lang='lat' dir='ltr'>distritstiones</span> <span class='ocrx_word' id='word_1_1471' title='bbox 1738 2810 1843 2841; x_wconf 87' lang='lat' dir='ltr'>aliosve</span> <span class='ocrx_word' id='word_1_1472' title='bbox 1865 2812 1967 2839; x_wconf 80' lang='lat' dir='ltr'>modos</span> <span class='ocrx_word' id='word_1_1473' title='bbox 1983 2809 2094 2839; x_wconf 79' lang='lat' dir='ltr'>denitos</span> <span class='ocrx_word' id='word_1_1474' title='bbox 2110 2809 2242 2840; x_wconf 87' lang='lat' dir='ltr'>levandas</span> <span class='ocrx_word' id='word_1_1475' title='bbox 2256 2822 2265 2848; x_wconf 75' lang='lat'>3</span> <span class='ocrx_word' id='word_1_1476' title='bbox 2293 2783 2340 2842; x_wconf 50' lang='grc' dir='ltr'>ἐξ</span> 
     </span>
     <span class='ocr_line' id='line_1_180' title="bbox 1279 2846 2340 2887; baseline -0.004 -5"><span class='ocrx_word' id='word_1_1477' title='bbox 1279 2852 1459 2882; x_wconf 66' lang='grc' dir='ltr'>(Ξοὶὶεέῖοῐεε</span> <span class='ocrx_word' id='word_1_1478' title='bbox 1476 2852 1507 2880; x_wconf 89' lang='lat' dir='ltr'>in</span> <span class='ocrx_word' id='word_1_1479' title='bbox 1523 2850 1576 2880; x_wconf 86' lang='lat' dir='ltr'>hac</span> <span class='ocrx_word' id='word_1_1480' title='bbox 1592 2859 1669 2887; x_wconf 81' lang='lat' dir='ltr'>parte</span> <span class='ocrx_word' id='word_1_1481' title='bbox 1683 2848 1894 2885; x_wconf 84' lang='lat' dir='ltr'>nominandum</span> <span class='ocrx_word' id='word_1_1482' title='bbox 1910 2848 1940 2877; x_wconf 72' lang='grc' dir='ltr'>ὅ·</span> <span class='ocrx_word' id='word_1_1483' title='bbox 1960 2846 2213 2886; x_wconf 66' lang='lat' dir='ltr'>constituendum,</span> <span class='ocrx_word' id='word_1_1484' title='bbox 2230 2850 2340 2880; x_wconf 87' lang='lat' dir='ltr'>&amp;om-</span> 
     </span>
     <span class='ocr_line' id='line_1_181' title="bbox 1274 2885 2342 2928; baseline -0.007 -7"><span class='ocrx_word' id='word_1_1485' title='bbox 1274 2901 1324 2922; x_wconf 90' lang='lat' dir='ltr'>nes</span> <span class='ocrx_word' id='word_1_1486' title='bbox 1342 2900 1391 2920; x_wconf 89' lang='lat' dir='ltr'>eos</span> <span class='ocrx_word' id='word_1_1487' title='bbox 1401 2899 1471 2928; x_wconf 89' lang='lat' dir='ltr'>quos</span> <span class='ocrx_word' id='word_1_1488' title='bbox 1487 2889 1618 2919; x_wconf 61' lang='lat' dir='ltr'>Rebeile&gt;</span> <span class='ocrx_word' id='word_1_1489' title='bbox 1632 2890 1666 2920; x_wconf 68' lang='grc' dir='ltr'>ὃς</span> <span class='ocrx_word' id='word_1_1490' title='bbox 1681 2889 1839 2918; x_wconf 72' lang='lat' dir='ltr'>contrarios</span> <span class='ocrx_word' id='word_1_1491' title='bbox 1853 2887 1996 2918; x_wconf 86' lang='lat' dir='ltr'>inveneris</span> <span class='ocrx_word' id='word_1_1492' title='bbox 2011 2887 2040 2915; x_wconf 91' lang='lat' dir='ltr'>in</span> <span class='ocrx_word' id='word_1_1493' title='bbox 2056 2885 2198 2918; x_wconf 84' lang='lat' dir='ltr'>Premiffis</span> <span class='ocrx_word' id='word_1_1494' title='bbox 2208 2909 2218 2924; x_wconf 82' lang='lat'>,</span> <span class='ocrx_word' id='word_1_1495' title='bbox 2232 2886 2342 2918; x_wconf 81' lang='lat' dir='ltr'>Carce-</span> 
     </span>
     <span class='ocr_line' id='line_1_182' title="bbox 1280 2925 2340 2966; baseline -0.001 -8"><span class='ocrx_word' id='word_1_1496' title='bbox 1280 2931 1301 2959; x_wconf 89' lang='lat' dir='ltr'>ri</span> <span class='ocrx_word' id='word_1_1497' title='bbox 1319 2927 1541 2966; x_wconf 76' lang='lat' dir='ltr'>mancipandum</span> <span class='ocrx_word' id='word_1_1498' title='bbox 1552 2950 1562 2966; x_wconf 90' lang='lat'>,</span> <span class='ocrx_word' id='word_1_1499' title='bbox 1581 2928 1610 2957; x_wconf 90' lang='lat' dir='ltr'>in</span> <span class='ocrx_word' id='word_1_1500' title='bbox 1625 2927 1731 2957; x_wconf 86' lang='lat' dir='ltr'>eodem</span> <span class='ocrx_word' id='word_1_1501' title='bbox 1747 2935 1906 2956; x_wconf 80' lang='lat' dir='ltr'>moraturos</span> <span class='ocrx_word' id='word_1_1502' title='bbox 1920 2925 2065 2964; x_wconf 64' lang='lat' dir='ltr'>quousque</span> <span class='ocrx_word' id='word_1_1503' title='bbox 2079 2935 2133 2963; x_wconf 90' lang='lat' dir='ltr'>pro</span> <span class='ocrx_word' id='word_1_1504' title='bbox 2147 2935 2250 2956; x_wconf 88' lang='lat' dir='ltr'>eorum</span> <span class='ocrx_word' id='word_1_1505' title='bbox 2267 2925 2340 2957; x_wconf 86' lang='lat' dir='ltr'>deli-</span> 
     </span>
     <span class='ocr_line' id='line_1_183' title="bbox 1280 2964 1938 2998; baseline -0.006 -1"><span class='ocrx_word' id='word_1_1506' title='bbox 1280 2969 1424 2998; x_wconf 68' lang='lat' dir='ltr'>berariorie</span> <span class='ocrx_word' id='word_1_1507' title='bbox 1438 2967 1550 2997; x_wconf 75' lang='lat' dir='ltr'>ulterius</span> <span class='ocrx_word' id='word_1_1508' title='bbox 1566 2966 1727 2996; x_wconf 85' lang='lat' dir='ltr'>duxerimus</span> <span class='ocrx_word' id='word_1_1509' title='bbox 1740 2964 1938 2995; x_wconf 89' lang='lat' dir='ltr'>ordinandum.</span> 
     </span>
    </p>

    <p class='ocr_par' dir='ltr' id='par_1_30' title="bbox 1277 3001 2347 3500">
     <span class='ocr_line' id='line_1_184' title="bbox 1318 3001 2347 3044; baseline -0.003 -8"><span class='ocrx_word' id='word_1_1510' title='bbox 1318 3005 1528 3044; x_wconf 81' lang='lat' dir='ltr'>Affignavimus</span> <span class='ocrx_word' id='word_1_1511' title='bbox 1543 3006 1627 3035; x_wconf 86' lang='lat' dir='ltr'>etiam</span> <span class='ocrx_word' id='word_1_1512' title='bbox 1645 3014 1673 3035; x_wconf 89' lang='lat' dir='ltr'>te</span> <span class='ocrx_word' id='word_1_1513' title='bbox 1696 3003 1837 3042; x_wconf 68' lang='lat' dir='ltr'>prefatum</span> <span class='ocrx_word' id='word_1_1514' title='bbox 1860 3004 2000 3033; x_wconf 73' lang='lat' dir='ltr'>ballivum</span> <span class='ocrx_word' id='word_1_1515' title='bbox 2025 3001 2110 3042; x_wconf 86' lang='lat' dir='ltr'>Burgi</span> <span class='ocrx_word' id='word_1_1516' title='bbox 2128 3001 2164 3033; x_wconf 89' lang='lat' dir='ltr'>de</span> <span class='ocrx_word' id='word_1_1517' title='bbox 2184 3002 2347 3042; x_wconf 82' lang='lat' dir='ltr'>Blandford</span> 
     </span>
     <span class='ocr_line' id='line_1_185' title="bbox 1277 3037 2340 3081; baseline -0.003 -7"><span class='ocrx_word' id='word_1_1518' title='bbox 1277 3049 1393 3081; x_wconf 72' lang='lat' dir='ltr'>Forum,</span> <span class='ocrx_word' id='word_1_1519' title='bbox 1413 3044 1447 3074; x_wconf 84' lang='lat' dir='ltr'>ad</span> <span class='ocrx_word' id='word_1_1520' title='bbox 1461 3043 1636 3074; x_wconf 70' lang='lat' dir='ltr'>afficiendum</span> <span class='ocrx_word' id='word_1_1521' title='bbox 1658 3052 1758 3072; x_wconf 84' lang='lat' dir='ltr'>omnes</span> <span class='ocrx_word' id='word_1_1522' title='bbox 1776 3043 1909 3072; x_wconf 61' lang='lat' dir='ltr'>homines</span> <span class='ocrx_word' id='word_1_1523' title='bbox 1922 3043 1950 3071; x_wconf 92' lang='lat' dir='ltr'>in</span> <span class='ocrx_word' id='word_1_1524' title='bbox 1962 3040 2066 3072; x_wconf 70' lang='lat' dir='ltr'>eodem</span> <span class='ocrx_word' id='word_1_1525' title='bbox 2084 3037 2179 3080; x_wconf 70' lang='lat' dir='ltr'>isurg&#39;o</span> <span class='ocrx_word' id='word_1_1526' title='bbox 2197 3042 2231 3071; x_wconf 75' lang='grc' dir='ltr'>δε</span> <span class='ocrx_word' id='word_1_1527' title='bbox 2247 3050 2340 3071; x_wconf 63' lang='lat' dir='ltr'>mem÷</span> 
     </span>
     <span class='ocr_line' id='line_1_186' title="bbox 1279 3078 2342 3122; baseline -0.003 -9"><span class='ocrx_word' id='word_1_1528' title='bbox 1279 3085 1335 3114; x_wconf 84' lang='lat' dir='ltr'>biis</span> <span class='ocrx_word' id='word_1_1529' title='bbox 1360 3083 1500 3122; x_wconf 79' lang='lat' dir='ltr'>ejusdem,</span> <span class='ocrx_word' id='word_1_1530' title='bbox 1523 3084 1555 3112; x_wconf 83' lang='lat'>&amp;</span> <span class='ocrx_word' id='word_1_1531' title='bbox 1576 3083 1795 3112; x_wconf 84' lang='lat' dir='ltr'>Terreteuentes</span> <span class='ocrx_word' id='word_1_1532' title='bbox 1819 3083 1844 3110; x_wconf 83' lang='lat' dir='ltr'>iii</span> <span class='ocrx_word' id='word_1_1533' title='bbox 1865 3080 1990 3118; x_wconf 85' lang='lat' dir='ltr'>eisdem,</span> <span class='ocrx_word' id='word_1_1534' title='bbox 2017 3080 2139 3110; x_wconf 85' lang='lat' dir='ltr'>Navem</span> <span class='ocrx_word' id='word_1_1535' title='bbox 2162 3078 2216 3108; x_wconf 69' lang='lat' dir='ltr'>vel&#39;</span> <span class='ocrx_word' id='word_1_1536' title='bbox 2231 3081 2342 3118; x_wconf 81' lang='lat' dir='ltr'>partem</span> 
     </span>
     <span class='ocr_line' id='line_1_187' title="bbox 1279 3117 2339 3160; baseline -0.004 -8"><span class='ocrx_word' id='word_1_1537' title='bbox 1279 3122 1374 3152; x_wconf 91' lang='lat' dir='ltr'>Navis</span> <span class='ocrx_word' id='word_1_1538' title='bbox 1389 3121 1515 3160; x_wconf 65' lang='lat' dir='ltr'>prediCte</span> <span class='ocrx_word' id='word_1_1539' title='bbox 1529 3131 1588 3150; x_wconf 86' lang='lat' dir='ltr'>non</span> <span class='ocrx_word' id='word_1_1540' title='bbox 1608 3121 1760 3159; x_wconf 82' lang='lat' dir='ltr'>habentes,</span> <span class='ocrx_word' id='word_1_1541' title='bbox 1777 3120 1823 3149; x_wconf 89' lang='lat' dir='ltr'>vel</span> <span class='ocrx_word' id='word_1_1542' title='bbox 1843 3121 1870 3149; x_wconf 80' lang='lat' dir='ltr'>in</span> <span class='ocrx_word' id='word_1_1543' title='bbox 1887 3123 1985 3148; x_wconf 77' lang='lat' dir='ltr'>eadem</span> <span class='ocrx_word' id='word_1_1544' title='bbox 2005 3127 2064 3147; x_wconf 89' lang='lat' dir='ltr'>non</span> <span class='ocrx_word' id='word_1_1545' title='bbox 2080 3117 2283 3157; x_wconf 78' lang='lat' dir='ltr'>deservientes,</span> <span class='ocrx_word' id='word_1_1546' title='bbox 2303 3117 2339 3155; x_wconf 77' lang='lat' dir='ltr'>ad</span> 
     </span>
     <span class='ocr_line' id='line_1_188' title="bbox 1277 3155 2344 3196; baseline -0.004 -5"><span class='ocrx_word' id='word_1_1547' title='bbox 1277 3160 1522 3191; x_wconf 84' lang='lat' dir='ltr'>contribuendum</span> <span class='ocrx_word' id='word_1_1548' title='bbox 1536 3159 1671 3196; x_wconf 82' lang='lat' dir='ltr'>Expenlis</span> <span class='ocrx_word' id='word_1_1549' title='bbox 1684 3161 1761 3189; x_wconf 83' lang='lat' dir='ltr'>circa</span> <span class='ocrx_word' id='word_1_1550' title='bbox 1777 3158 1979 3188; x_wconf 83' lang='lat' dir='ltr'>Provisionem</span> <span class='ocrx_word' id='word_1_1551' title='bbox 1994 3155 2200 3186; x_wconf 79' lang='lat' dir='ltr'>Premiss&#39;orutn</span> <span class='ocrx_word' id='word_1_1552' title='bbox 2216 3156 2344 3187; x_wconf 84' lang='lat' dir='ltr'>neceffa-</span> 
     </span>
     <span class='ocr_line' id='line_1_189' title="bbox 1280 3194 2341 3236; baseline -0.004 -7"><span class='ocrx_word' id='word_1_1553' title='bbox 1280 3201 1344 3236; x_wconf 64' lang='lat' dir='ltr'>riis,</span> <span class='ocrx_word' id='word_1_1554' title='bbox 1363 3199 1398 3228; x_wconf 84' lang='lat' dir='ltr'>Et</span> <span class='ocrx_word' id='word_1_1555' title='bbox 1409 3199 1488 3235; x_wconf 85' lang='lat' dir='ltr'>super</span> <span class='ocrx_word' id='word_1_1556' title='bbox 1504 3198 1665 3235; x_wconf 56' lang='lat' dir='ltr'>mediarum</span> <span class='ocrx_word' id='word_1_1557' title='bbox 1674 3196 1801 3236; x_wconf 82' lang='lat' dir='ltr'>Burgum</span> <span class='ocrx_word' id='word_1_1558' title='bbox 1812 3194 2030 3226; x_wconf 89' lang='lat' dir='ltr'>cummembris</span> <span class='ocrx_word' id='word_1_1559' title='bbox 2045 3194 2183 3232; x_wconf 80' lang='lat' dir='ltr'>ejusdem,</span> <span class='ocrx_word' id='word_1_1560' title='bbox 2203 3194 2223 3213; x_wconf 64' lang='lat'>*²</span> <span class='ocrx_word' id='word_1_1561' title='bbox 2240 3194 2278 3224; x_wconf 87' lang='lat' dir='ltr'>sic</span> <span class='ocrx_word' id='word_1_1562' title='bbox 2296 3197 2341 3231; x_wconf 72' lang='lat' dir='ltr'>(ut&#39;</span> 
     </span>
     <span class='ocr_line' id='line_1_190' title="bbox 1278 3232 2341 3275; baseline -0.004 -7"><span class='ocrx_word' id='word_1_1563' title='bbox 1278 3238 1431 3275; x_wconf 81' lang='lat' dir='ltr'>prefertur)</span> <span class='ocrx_word' id='word_1_1564' title='bbox 1453 3236 1628 3267; x_wconf 74' lang='lat' dir='ltr'>assidendum</span> <span class='ocrx_word' id='word_1_1565' title='bbox 1641 3238 1674 3267; x_wconf 87' lang='lat'>&amp;</span> <span class='ocrx_word' id='word_1_1566' title='bbox 1693 3234 1875 3272; x_wconf 88' lang='lat' dir='ltr'>ponendum,</span> <span class='ocrx_word' id='word_1_1567' title='bbox 1895 3232 2043 3268; x_wconf 75' lang='lat' dir='ltr'>videlicet,</span> <span class='ocrx_word' id='word_1_1568' title='bbox 2060 3233 2218 3270; x_wconf 86' lang='lat' dir='ltr'>quemlibet</span> <span class='ocrx_word' id='word_1_1569' title='bbox 2239 3243 2341 3264; x_wconf 90' lang='lat' dir='ltr'>eorum</span> 
     </span>
     <span class='ocr_line' id='line_1_191' title="bbox 1279 3270 2345 3314; baseline -0.002 -8"><span class='ocrx_word' id='word_1_1570' title='bbox 1279 3278 1352 3314; x_wconf 83' lang='lat' dir='ltr'>juxta</span> <span class='ocrx_word' id='word_1_1571' title='bbox 1370 3276 1472 3306; x_wconf 72' lang='lat' dir='ltr'>statum</span> <span class='ocrx_word' id='word_1_1572' title='bbox 1490 3275 1581 3311; x_wconf 91' lang='lat' dir='ltr'>suum,</span> <span class='ocrx_word' id='word_1_1573' title='bbox 1595 3275 1738 3304; x_wconf 88' lang='lat' dir='ltr'>facultates</span> <span class='ocrx_word' id='word_1_1574' title='bbox 1753 3272 1822 3309; x_wconf 65' lang='lat' dir='ltr'>surm,</span> <span class='ocrx_word' id='word_1_1575' title='bbox 1845 3272 1878 3301; x_wconf 89' lang='lat'>&amp;</span> <span class='ocrx_word' id='word_1_1576' title='bbox 1893 3271 2038 3310; x_wconf 89' lang='lat' dir='ltr'>portiones</span> <span class='ocrx_word' id='word_1_1577' title='bbox 2053 3270 2132 3308; x_wconf 89' lang='lat' dir='ltr'>super</span> <span class='ocrx_word' id='word_1_1578' title='bbox 2148 3272 2219 3309; x_wconf 83' lang='lat' dir='ltr'>ipl&#39;os</span> <span class='ocrx_word' id='word_1_1579' title='bbox 2235 3272 2345 3304; x_wconf 76' lang='lat' dir='ltr'>affersas</span> 
     </span>
     <span class='ocr_line' id='line_1_192' title="bbox 1283 3308 2344 3353; baseline -0.004 -9"><span class='ocrx_word' id='word_1_1580' title='bbox 1283 3325 1330 3353; x_wconf 83' lang='lat' dir='ltr'>per</span> <span class='ocrx_word' id='word_1_1581' title='bbox 1346 3314 1535 3344; x_wconf 56' lang='lat' dir='ltr'>districtiones</span> <span class='ocrx_word' id='word_1_1582' title='bbox 1551 3313 1653 3343; x_wconf 86' lang='lat' dir='ltr'>aliosve</span> <span class='ocrx_word' id='word_1_1583' title='bbox 1670 3311 1773 3341; x_wconf 84' lang='lat' dir='ltr'>modos</span> <span class='ocrx_word' id='word_1_1584' title='bbox 1787 3310 1899 3339; x_wconf 80' lang='lat' dir='ltr'>debitos</span> <span class='ocrx_word' id='word_1_1585' title='bbox 1917 3308 2086 3346; x_wconf 67' lang='lat' dir='ltr'>levandum,</span> <span class='ocrx_word' id='word_1_1586' title='bbox 2105 3308 2143 3340; x_wconf 89' lang='lat' dir='ltr'>Et</span> <span class='ocrx_word' id='word_1_1587' title='bbox 2162 3309 2344 3343; x_wconf 71' lang='lat' dir='ltr'>Co&#39;llec‘tores</span> 
     </span>
     <span class='ocr_line' id='line_1_193' title="bbox 1278 3347 2345 3390; baseline -0.001 -8"><span class='ocrx_word' id='word_1_1588' title='bbox 1278 3355 1307 3383; x_wconf 90' lang='lat' dir='ltr'>in</span> <span class='ocrx_word' id='word_1_1589' title='bbox 1321 3353 1375 3382; x_wconf 84' lang='lat' dir='ltr'>hac</span> <span class='ocrx_word' id='word_1_1590' title='bbox 1390 3362 1465 3390; x_wconf 88' lang='lat' dir='ltr'>parte</span> <span class='ocrx_word' id='word_1_1591' title='bbox 1481 3350 1691 3382; x_wconf 82' lang='lat' dir='ltr'>nominandum</span> <span class='ocrx_word' id='word_1_1592' title='bbox 1707 3352 1739 3379; x_wconf 67' lang='grc' dir='ltr'>δε</span> <span class='ocrx_word' id='word_1_1593' title='bbox 1756 3347 2010 3384; x_wconf 80' lang='lat' dir='ltr'>constituendum,</span> <span class='ocrx_word' id='word_1_1594' title='bbox 2027 3348 2061 3378; x_wconf 90' lang='lat'>&amp;</span> <span class='ocrx_word' id='word_1_1595' title='bbox 2082 3357 2185 3378; x_wconf 91' lang='lat' dir='ltr'>omnes</span> <span class='ocrx_word' id='word_1_1596' title='bbox 2200 3358 2248 3378; x_wconf 87' lang='lat' dir='ltr'>eos</span> <span class='ocrx_word' id='word_1_1597' title='bbox 2270 3360 2345 3388; x_wconf 86' lang='lat' dir='ltr'>quos</span> 
     </span>
     <span class='ocr_line' id='line_1_194' title="bbox 1278 3385 2343 3427; baseline -0.003 -6"><span class='ocrx_word' id='word_1_1598' title='bbox 1278 3391 1410 3422; x_wconf 83' lang='lat' dir='ltr'>Rebelles</span> <span class='ocrx_word' id='word_1_1599' title='bbox 1425 3391 1458 3421; x_wconf 87' lang='lat'>&amp;</span> <span class='ocrx_word' id='word_1_1600' title='bbox 1473 3391 1629 3421; x_wconf 84' lang='lat' dir='ltr'>contrarios</span> <span class='ocrx_word' id='word_1_1601' title='bbox 1642 3388 1780 3418; x_wconf 83' lang='lat' dir='ltr'>inveneris</span> <span class='ocrx_word' id='word_1_1602' title='bbox 1795 3388 1823 3415; x_wconf 90' lang='lat' dir='ltr'>in</span> <span class='ocrx_word' id='word_1_1603' title='bbox 1833 3385 1974 3416; x_wconf 89' lang='lat' dir='ltr'>Premissis</span> <span class='ocrx_word' id='word_1_1604' title='bbox 1981 3385 2098 3416; x_wconf 88' lang='lat' dir='ltr'>Carceri</span> <span class='ocrx_word' id='word_1_1605' title='bbox 2107 3387 2343 3427; x_wconf 80' lang='lat' dir='ltr'>mancipandum,</span> 
     </span>
     <span class='ocr_line' id='line_1_195' title="bbox 1278 3423 2342 3465; baseline -0.002 -6"><span class='ocrx_word' id='word_1_1606' title='bbox 1278 3432 1307 3460; x_wconf 90' lang='lat' dir='ltr'>in</span> <span class='ocrx_word' id='word_1_1607' title='bbox 1319 3430 1424 3460; x_wconf 86' lang='lat' dir='ltr'>eodem</span> <span class='ocrx_word' id='word_1_1608' title='bbox 1441 3437 1615 3465; x_wconf 84' lang='lat' dir='ltr'>moraturos,</span> <span class='ocrx_word' id='word_1_1609' title='bbox 1630 3427 1776 3464; x_wconf 79' lang='lat' dir='ltr'>quousque</span> <span class='ocrx_word' id='word_1_1610' title='bbox 1802 3434 1855 3463; x_wconf 87' lang='lat' dir='ltr'>pro</span> <span class='ocrx_word' id='word_1_1611' title='bbox 1878 3433 1981 3455; x_wconf 88' lang='lat' dir='ltr'>eorum</span> <span class='ocrx_word' id='word_1_1612' title='bbox 2003 3423 2206 3456; x_wconf 85' lang='lat' dir='ltr'>deliberatione</span> <span class='ocrx_word' id='word_1_1613' title='bbox 2227 3427 2342 3457; x_wconf 88' lang='lat' dir='ltr'>ulterius</span> 
     </span>
     <span class='ocr_line' id='line_1_196' title="bbox 1278 3467 1651 3500; baseline -0.008 -1"><span class='ocrx_word' id='word_1_1614' title='bbox 1278 3469 1439 3500; x_wconf 84' lang='lat' dir='ltr'>duxerimus</span> <span class='ocrx_word' id='word_1_1615' title='bbox 1451 3467 1651 3498; x_wconf 88' lang='lat' dir='ltr'>ordinandum.</span> 
     </span>
    </p>

    <p class='ocr_par' dir='ltr' id='par_1_31' title="bbox 1279 3500 2348 4031">
     <span class='ocr_line' id='line_1_197' title="bbox 1316 3500 2342 3542; baseline -0.001 -6"><span class='ocrx_word' id='word_1_1616' title='bbox 1316 3506 1353 3536; x_wconf 83' lang='lat' dir='ltr'>Et</span> <span class='ocrx_word' id='word_1_1617' title='bbox 1374 3507 1490 3536; x_wconf 68' lang='lat' dir='ltr'>ulterius</span> <span class='ocrx_word' id='word_1_1618' title='bbox 1505 3504 1717 3542; x_wconf 81' lang='lat' dir='ltr'>Affigiiavimus</span> <span class='ocrx_word' id='word_1_1619' title='bbox 1735 3510 1764 3532; x_wconf 91' lang='lat' dir='ltr'>te</span> <span class='ocrx_word' id='word_1_1620' title='bbox 1783 3501 1924 3540; x_wconf 84' lang='lat' dir='ltr'>prefatum</span> <span class='ocrx_word' id='word_1_1621' title='bbox 1940 3500 2156 3534; x_wconf 87' lang='lat' dir='ltr'>Vicecomitem</span> <span class='ocrx_word' id='word_1_1622' title='bbox 2177 3500 2342 3535; x_wconf 85' lang='lat' dir='ltr'>Comitatus</span> 
     </span>
     <span class='ocr_line' id='line_1_198' title="bbox 1279 3539 2342 3582; baseline -0.005 -6"><span class='ocrx_word' id='word_1_1623' title='bbox 1279 3544 1369 3576; x_wconf 90' lang='lat' dir='ltr'>nostri</span> <span class='ocrx_word' id='word_1_1624' title='bbox 1385 3544 1504 3582; x_wconf 70' lang='lat' dir='ltr'>Dorsbt,</span> <span class='ocrx_word' id='word_1_1625' title='bbox 1522 3544 1557 3574; x_wconf 89' lang='lat' dir='ltr'>ad</span> <span class='ocrx_word' id='word_1_1626' title='bbox 1570 3542 1744 3574; x_wconf 83' lang='lat' dir='ltr'>assidendum</span> <span class='ocrx_word' id='word_1_1627' title='bbox 1760 3550 1862 3570; x_wconf 90' lang='lat' dir='ltr'>omnes</span> <span class='ocrx_word' id='word_1_1628' title='bbox 1878 3540 2008 3570; x_wconf 90' lang='lat' dir='ltr'>homines</span> <span class='ocrx_word' id='word_1_1629' title='bbox 2023 3541 2051 3570; x_wconf 90' lang='lat' dir='ltr'>in</span> <span class='ocrx_word' id='word_1_1630' title='bbox 2068 3539 2199 3578; x_wconf 68' lang='lat' dir='ltr'>preditstis</span> <span class='ocrx_word' id='word_1_1631' title='bbox 2213 3540 2292 3571; x_wconf 91' lang='lat' dir='ltr'>Villis</span> <span class='ocrx_word' id='word_1_1632' title='bbox 2304 3543 2342 3574; x_wconf 84' lang='lat' dir='ltr'>de</span> 
     </span>
     <span class='ocr_line' id='line_1_199' title="bbox 1280 3577 2344 3620; baseline -0.002 -8"><span class='ocrx_word' id='word_1_1633' title='bbox 1280 3582 1437 3620; x_wconf 82' lang='lat' dir='ltr'>Portland,</span> <span class='ocrx_word' id='word_1_1634' title='bbox 1457 3586 1585 3619; x_wconf 85' lang='lat' dir='ltr'>Burton,</span> <span class='ocrx_word' id='word_1_1635' title='bbox 1599 3579 1746 3610; x_wconf 74' lang='lat' dir='ltr'>Sherborne</span> <span class='ocrx_word' id='word_1_1636' title='bbox 1761 3579 1794 3609; x_wconf 90' lang='lat'>&amp;</span> <span class='ocrx_word' id='word_1_1637' title='bbox 1806 3578 1969 3616; x_wconf 84' lang='lat' dir='ltr'>Stoborough</span> <span class='ocrx_word' id='word_1_1638' title='bbox 1991 3579 2023 3608; x_wconf 76' lang='grc' dir='ltr'>δε</span> <span class='ocrx_word' id='word_1_1639' title='bbox 2040 3579 2070 3608; x_wconf 82' lang='lat' dir='ltr'>in</span> <span class='ocrx_word' id='word_1_1640' title='bbox 2084 3577 2221 3610; x_wconf 83' lang='lat' dir='ltr'>membris</span> <span class='ocrx_word' id='word_1_1641' title='bbox 2238 3589 2344 3610; x_wconf 85' lang='lat' dir='ltr'>eorun-</span> 
     </span>
     <span class='ocr_line' id='line_1_200' title="bbox 1279 3615 2344 3660; baseline -0.003 -9"><span class='ocrx_word' id='word_1_1642' title='bbox 1279 3621 1363 3660; x_wconf 88' lang='lat' dir='ltr'>dem,</span> <span class='ocrx_word' id='word_1_1643' title='bbox 1381 3623 1413 3652; x_wconf 84' lang='lat'>&amp;</span> <span class='ocrx_word' id='word_1_1644' title='bbox 1429 3623 1457 3650; x_wconf 91' lang='lat' dir='ltr'>in</span> <span class='ocrx_word' id='word_1_1645' title='bbox 1473 3621 1608 3650; x_wconf 84' lang='lat' dir='ltr'>omnibus</span> <span class='ocrx_word' id='word_1_1646' title='bbox 1620 3619 1677 3648; x_wconf 78' lang='lat' dir='ltr'>aliis</span> <span class='ocrx_word' id='word_1_1647' title='bbox 1695 3617 1791 3656; x_wconf 83' lang='lat' dir='ltr'>Villis,</span> <span class='ocrx_word' id='word_1_1648' title='bbox 1809 3616 2116 3656; x_wconf 77' lang='lat' dir='ltr'>VillatiS,Hamlettis,</span> <span class='ocrx_word' id='word_1_1649' title='bbox 2132 3615 2230 3654; x_wconf 82' lang='lat' dir='ltr'>Burgis</span> <span class='ocrx_word' id='word_1_1650' title='bbox 2243 3617 2344 3648; x_wconf 72' lang='lat' dir='ltr'>&amp;aliis</span> 
     </span>
     <span class='ocr_line' id='line_1_201' title="bbox 1282 3654 2342 3696; baseline -0.003 -8"><span class='ocrx_word' id='word_1_1651' title='bbox 1282 3660 1351 3689; x_wconf 82' lang='lat' dir='ltr'>locis</span> <span class='ocrx_word' id='word_1_1652' title='bbox 1373 3660 1403 3689; x_wconf 89' lang='lat' dir='ltr'>in</span> <span class='ocrx_word' id='word_1_1653' title='bbox 1425 3657 1556 3696; x_wconf 64' lang='lat' dir='ltr'>medidie</span> <span class='ocrx_word' id='word_1_1654' title='bbox 1577 3656 1729 3687; x_wconf 88' lang='lat' dir='ltr'>Comitatu</span> <span class='ocrx_word' id='word_1_1655' title='bbox 1744 3654 1861 3694; x_wconf 70' lang='lat' dir='ltr'>Dorfi’t,</span> <span class='ocrx_word' id='word_1_1656' title='bbox 1883 3656 1917 3686; x_wconf 89' lang='lat'>&amp;</span> <span class='ocrx_word' id='word_1_1657' title='bbox 1937 3655 2156 3686; x_wconf 86' lang='lat' dir='ltr'>Terretenentes</span> <span class='ocrx_word' id='word_1_1658' title='bbox 2170 3655 2199 3684; x_wconf 92' lang='lat' dir='ltr'>in</span> <span class='ocrx_word' id='word_1_1659' title='bbox 2215 3655 2342 3694; x_wconf 80' lang='lat' dir='ltr'>eisdem,</span> 
     </span>
     <span class='ocr_line' id='line_1_202' title="bbox 1281 3692 2343 3733; baseline -0.004 -5"><span class='ocrx_word' id='word_1_1660' title='bbox 1281 3697 1398 3728; x_wconf 83' lang='lat' dir='ltr'>Navem</span> <span class='ocrx_word' id='word_1_1661' title='bbox 1415 3697 1459 3726; x_wconf 86' lang='lat' dir='ltr'>vel</span> <span class='ocrx_word' id='word_1_1662' title='bbox 1483 3704 1594 3733; x_wconf 88' lang='lat' dir='ltr'>partem</span> <span class='ocrx_word' id='word_1_1663' title='bbox 1618 3693 1712 3725; x_wconf 90' lang='lat' dir='ltr'>Navis</span> <span class='ocrx_word' id='word_1_1664' title='bbox 1737 3694 1865 3732; x_wconf 60' lang='lat' dir='ltr'>predicte</span> <span class='ocrx_word' id='word_1_1665' title='bbox 1885 3704 1945 3724; x_wconf 88' lang='lat' dir='ltr'>non</span> <span class='ocrx_word' id='word_1_1666' title='bbox 1970 3693 2106 3724; x_wconf 88' lang='lat' dir='ltr'>habentes</span> <span class='ocrx_word' id='word_1_1667' title='bbox 2127 3692 2173 3723; x_wconf 91' lang='lat' dir='ltr'>vel</span> <span class='ocrx_word' id='word_1_1668' title='bbox 2188 3693 2216 3721; x_wconf 90' lang='lat' dir='ltr'>in</span> <span class='ocrx_word' id='word_1_1669' title='bbox 2239 3693 2343 3726; x_wconf 69' lang='lat' dir='ltr'>endem</span> 
     </span>
     <span class='ocr_line' id='line_1_203' title="bbox 1281 3730 2341 3772; baseline -0.003 -8"><span class='ocrx_word' id='word_1_1670' title='bbox 1281 3745 1341 3765; x_wconf 91' lang='lat' dir='ltr'>non</span> <span class='ocrx_word' id='word_1_1671' title='bbox 1357 3735 1560 3772; x_wconf 88' lang='lat' dir='ltr'>deservientes,</span> <span class='ocrx_word' id='word_1_1672' title='bbox 1578 3733 1612 3762; x_wconf 84' lang='lat' dir='ltr'>ad</span> <span class='ocrx_word' id='word_1_1673' title='bbox 1629 3732 1870 3763; x_wconf 83' lang='lat' dir='ltr'>contribuendum</span> <span class='ocrx_word' id='word_1_1674' title='bbox 1885 3732 2020 3769; x_wconf 77' lang='lat' dir='ltr'>Expensis</span> <span class='ocrx_word' id='word_1_1675' title='bbox 2042 3731 2116 3760; x_wconf 79' lang='lat' dir='ltr'>circa</span> <span class='ocrx_word' id='word_1_1676' title='bbox 2139 3730 2341 3763; x_wconf 85' lang='lat' dir='ltr'>Provisionem</span> 
     </span>
     <span class='ocr_line' id='line_1_204' title="bbox 1280 3767 2342 3810; baseline -0.003 -7"><span class='ocrx_word' id='word_1_1677' title='bbox 1280 3773 1489 3804; x_wconf 86' lang='lat' dir='ltr'>Premissorum</span> <span class='ocrx_word' id='word_1_1678' title='bbox 1504 3771 1679 3810; x_wconf 58' lang='lat' dir='ltr'>necessariis,</span> <span class='ocrx_word' id='word_1_1679' title='bbox 1699 3771 1737 3802; x_wconf 87' lang='lat' dir='ltr'>Et</span> <span class='ocrx_word' id='word_1_1680' title='bbox 1750 3771 1828 3808; x_wconf 86' lang='lat' dir='ltr'>supet</span> <span class='ocrx_word' id='word_1_1681' title='bbox 1853 3770 1990 3808; x_wconf 63' lang='lat' dir='ltr'>predictas</span> <span class='ocrx_word' id='word_1_1682' title='bbox 2007 3767 2249 3807; x_wconf 83' lang='lat' dir='ltr'>Villas,Villatas,</span> <span class='ocrx_word' id='word_1_1683' title='bbox 2271 3769 2342 3802; x_wconf 68' lang='lat' dir='ltr'>Bur-</span> 
     </span>
     <span class='ocr_line' id='line_1_205' title="bbox 1280 3806 2345 3850; baseline -0.001 -9"><span class='ocrx_word' id='word_1_1684' title='bbox 1280 3820 1351 3850; x_wconf 85' lang='lat' dir='ltr'>gos,</span> <span class='ocrx_word' id='word_1_1685' title='bbox 1371 3811 1528 3841; x_wconf 79' lang='lat' dir='ltr'>Hamlettas</span> <span class='ocrx_word' id='word_1_1686' title='bbox 1543 3811 1576 3840; x_wconf 88' lang='lat'>&amp;</span> <span class='ocrx_word' id='word_1_1687' title='bbox 1592 3809 1673 3840; x_wconf 91' lang='lat' dir='ltr'>locos</span> <span class='ocrx_word' id='word_1_1688' title='bbox 1688 3819 1758 3840; x_wconf 91' lang='lat' dir='ltr'>cum</span> <span class='ocrx_word' id='word_1_1689' title='bbox 1776 3809 1913 3839; x_wconf 86' lang='lat' dir='ltr'>membris</span> <span class='ocrx_word' id='word_1_1690' title='bbox 1931 3806 2109 3843; x_wconf 89' lang='lat' dir='ltr'>eorundem,</span> <span class='ocrx_word' id='word_1_1691' title='bbox 2130 3807 2167 3836; x_wconf 85' lang='lat' dir='ltr'>fic</span> <span class='ocrx_word' id='word_1_1692' title='bbox 2182 3810 2225 3842; x_wconf 85' lang='lat' dir='ltr'>(ut</span> <span class='ocrx_word' id='word_1_1693' title='bbox 2232 3809 2345 3846; x_wconf 68' lang='lat' dir='ltr'>prefer-⁴</span> 
     </span>
     <span class='ocr_line' id='line_1_206' title="bbox 1284 3844 2343 3887; baseline -0.002 -7"><span class='ocrx_word' id='word_1_1694' title='bbox 1284 3850 1342 3887; x_wconf 89' lang='lat' dir='ltr'>tur)</span> <span class='ocrx_word' id='word_1_1695' title='bbox 1358 3849 1534 3879; x_wconf 77' lang='lat' dir='ltr'>assidendum</span> <span class='ocrx_word' id='word_1_1696' title='bbox 1548 3851 1581 3880; x_wconf 68' lang='grc' dir='ltr'>ὅ(</span> <span class='ocrx_word' id='word_1_1697' title='bbox 1599 3849 1786 3885; x_wconf 82' lang='lat' dir='ltr'>ponendum,</span> <span class='ocrx_word' id='word_1_1698' title='bbox 1802 3845 1948 3880; x_wconf 78' lang='lat' dir='ltr'>videlicet,</span> <span class='ocrx_word' id='word_1_1699' title='bbox 1967 3844 2124 3881; x_wconf 80' lang='lat' dir='ltr'>quemlibet</span> <span class='ocrx_word' id='word_1_1700' title='bbox 2146 3855 2247 3876; x_wconf 89' lang='lat' dir='ltr'>eorum</span> <span class='ocrx_word' id='word_1_1701' title='bbox 2264 3848 2343 3885; x_wconf 81' lang='lat' dir='ltr'>juxta</span> 
     </span>
     <span class='ocr_line' id='line_1_207' title="bbox 1285 3882 2343 3922; baseline 0 -4"><span class='ocrx_word' id='word_1_1702' title='bbox 1285 3888 1389 3919; x_wconf 86' lang='lat' dir='ltr'>statum</span> <span class='ocrx_word' id='word_1_1703' title='bbox 1403 3887 1483 3917; x_wconf 89' lang='lat' dir='ltr'>suum</span> <span class='ocrx_word' id='word_1_1704' title='bbox 1501 3889 1534 3918; x_wconf 85' lang='lat'>&amp;</span> <span class='ocrx_word' id='word_1_1705' title='bbox 1556 3886 1700 3918; x_wconf 79' lang='lat' dir='ltr'>facultates</span> <span class='ocrx_word' id='word_1_1706' title='bbox 1720 3886 1796 3922; x_wconf 81' lang='lat' dir='ltr'>suas,</span> <span class='ocrx_word' id='word_1_1707' title='bbox 1815 3885 1848 3914; x_wconf 89' lang='lat'>&amp;</span> <span class='ocrx_word' id='word_1_1708' title='bbox 1868 3884 2015 3921; x_wconf 73' lang='lat' dir='ltr'>portiones</span> <span class='ocrx_word' id='word_1_1709' title='bbox 2036 3882 2115 3922; x_wconf 83' lang='lat' dir='ltr'>super</span> <span class='ocrx_word' id='word_1_1710' title='bbox 2134 3883 2207 3922; x_wconf 87' lang='lat' dir='ltr'>ipsos</span> <span class='ocrx_word' id='word_1_1711' title='bbox 2232 3885 2343 3917; x_wconf 68' lang='lat' dir='ltr'>affeffirs</span> 
     </span>
     <span class='ocr_line' id='line_1_208' title="bbox 1284 3920 2345 3964; baseline -0.003 -7"><span class='ocrx_word' id='word_1_1712' title='bbox 1284 3937 1333 3964; x_wconf 86' lang='lat' dir='ltr'>pei·</span> <span class='ocrx_word' id='word_1_1713' title='bbox 1350 3925 1535 3957; x_wconf 65' lang='lat' dir='ltr'>districtiones</span> <span class='ocrx_word' id='word_1_1714' title='bbox 1548 3925 1649 3955; x_wconf 81' lang='lat' dir='ltr'>aliosve</span> <span class='ocrx_word' id='word_1_1715' title='bbox 1659 3923 1764 3953; x_wconf 90' lang='lat' dir='ltr'>modos</span> <span class='ocrx_word' id='word_1_1716' title='bbox 1784 3922 1896 3952; x_wconf 60' lang='lat' dir='ltr'>debitos·</span> <span class='ocrx_word' id='word_1_1717' title='bbox 1916 3921 2088 3959; x_wconf 74' lang='lat' dir='ltr'>le-andum,</span> <span class='ocrx_word' id='word_1_1718' title='bbox 2108 3920 2146 3951; x_wconf 89' lang='lat' dir='ltr'>Et</span> <span class='ocrx_word' id='word_1_1719' title='bbox 2164 3920 2345 3954; x_wconf 63' lang='lat' dir='ltr'>Colletflmres</span> 
     </span>
     <span class='ocr_line' id='line_1_209' title="bbox 1283 3958 2348 4031; baseline -0.003 -35"><span class='ocrx_word' id='word_1_1720' title='bbox 1283 3966 1315 3996; x_wconf 82' lang='lat' dir='ltr'>in</span> <span class='ocrx_word' id='word_1_1721' title='bbox 1330 3965 1384 3997; x_wconf 88' lang='lat' dir='ltr'>hac</span> <span class='ocrx_word' id='word_1_1722' title='bbox 1400 3972 1477 4003; x_wconf 80' lang='lat' dir='ltr'>parte</span> <span class='ocrx_word' id='word_1_1723' title='bbox 1491 3962 1706 3999; x_wconf 84' lang='lat' dir='ltr'>nominandum</span> <span class='ocrx_word' id='word_1_1724' title='bbox 1718 3962 1751 3994; x_wconf 85' lang='lat'>&amp;</span> <span class='ocrx_word' id='word_1_1725' title='bbox 1768 3958 2020 3999; x_wconf 75' lang='lat' dir='ltr'>constituentium,</span> <span class='ocrx_word' id='word_1_1726' title='bbox 2039 3959 2073 3992; x_wconf 89' lang='lat'>&amp;</span> <span class='ocrx_word' id='word_1_1727' title='bbox 2084 3968 2186 3992; x_wconf 85' lang='lat' dir='ltr'>omnes</span> <span class='ocrx_word' id='word_1_1728' title='bbox 2203 3971 2253 3993; x_wconf 79' lang='lat' dir='ltr'>eos</span> <span class='ocrx_word' id='word_1_1729' title='bbox 2271 3970 2348 4031; x_wconf 44' lang='grc' dir='ltr'>Ἦρξε.</span> 
     </span>
    </p>
   </div>
   <div class='ocr_carea' id='block_1_17' title="bbox 2355 305 2470 415">
    <p class='ocr_par' dir='ltr' id='par_1_32' title="bbox 2355 305 2470 415">
     <span class='ocr_line' id='line_1_210' title="bbox 2355 305 2463 331; baseline 0.028 -3"><span class='ocrx_word' id='word_1_1730' title='bbox 2355 305 2416 329; x_wconf 79' lang='lat' dir='ltr'>Car.</span> <span class='ocrx_word' id='word_1_1731' title='bbox 2438 312 2463 331; x_wconf 84' lang='lat'>1.</span> 
     </span>
     <span class='ocr_line' id='line_1_211' title="bbox 2373 339 2470 369; baseline 0.021 -2"><span class='ocrx_word' id='word_1_1732' title='bbox 2373 339 2393 359; x_wconf 81' lang='lat'>²¹¹</span> <span class='ocrx_word' id='word_1_1733' title='bbox 2402 341 2470 369; x_wconf 81' lang='lat' dir='ltr'>XX.</span> 
     </span>
     <span class='ocr_line' id='line_1_212' title="bbox 2359 377 2406 415; baseline 0.021 -9"><span class='ocrx_word' id='word_1_1734' title='bbox 2359 377 2406 415; x_wconf 83' lang='lat'>58.</span> 
     </span>
    </p>
   </div>
   <div class='ocr_carea' id='block_1_18' title="bbox 2405 3050 2456 3065">
    <p class='ocr_par' dir='ltr' id='par_1_33' title="bbox 2405 3050 2456 3065">
     <span class='ocr_line' id='line_1_213' title="bbox 2405 3050 2456 3065; baseline -0.039 0"><span class='ocrx_word' id='word_1_1735' title='bbox 2405 3050 2456 3065; x_wconf 59' lang='lat' dir='ltr'>l’s</span> 
     </span>
    </p>
   </div>
   <div class='ocr_carea' id='block_1_19' title="bbox 2358 3207 2474 3284">
    <p class='ocr_par' dir='ltr' id='par_1_34' title="bbox 2358 3207 2474 3284">
     <span class='ocr_line' id='line_1_214' title="bbox 2376 3207 2474 3238; baseline 0.02 -2"><span class='ocrx_word' id='word_1_1736' title='bbox 2376 3207 2396 3228; x_wconf 70' lang='lat'>¹*</span> <span class='ocrx_word' id='word_1_1737' title='bbox 2406 3207 2474 3238; x_wconf 73' lang='lat' dir='ltr'>XX.v</span> 
     </span>
     <span class='ocr_line' id='line_1_215' title="bbox 2358 3256 2405 3284; baseline -0.021 0"><span class='ocrx_word' id='word_1_1738' title='bbox 2358 3256 2405 3284; x_wconf 86' lang='lat'>59·</span> 
     </span>
    </p>
   </div>
  </div>
 </body>
</html>
