2561 4263
207 174 257 203 12

388 336 525 367 Dominae
558 328 744 372 Catharinae,
774 330 896 376 Reginae
923 326 1121 374 Portugalliae.

219 421 378 485 MAria‚
400 419 461 449 &c.
481 416 640 448 Matthaeus
656 414 786 454 Priulus,
804 414 928 445 Nobilis
947 412 1149 450 Venetus,qui
1162 411 1213 441 has
1228 419 1292 448 per-

316 460 367 490 fert
388 457 522 494 Litteras,
539 454 764 486 controversiam
784 454 871 484 habet
890 453 947 482 hoc
967 459 1200 490 tempore,cum
1228 459 1291 480 cer-

221 503 257 533 tis
274 496 436 538 quibusdam
455 494 641 532 hominibus,
659 495 708 532 qui
725 492 815 523 Patris
831 492 871 522 sui
891 491 1094 522 Procuratores
1115 489 1165 533 diu
1179 489 1209 518 in
1224 487 1290 518 Lis-

222 538 302 570 bonfi
320 536 434 566 fuerunt
468 533 518 564 ubi
534 532 607 572 ipse,
627 542 675 570 per
691 532 873 570 eos,mult0s
888 531 945 567 jam
963 539 1054 560 annos
1069 536 1226 571 negotiatus
1238 526 1290 557 est.

219 578 269 609 Ut
286 582 379 606 rerum
395 555 537 611 geliarurn
553 572 696 602 rationem
713 570 848 607 reddant,
867 570 932 606 quia
956 568 1039 599 Pater
1058 569 1156 598 abiens
1171 590 1181 604 ,
1209 566 1289 596 nullo

219 614 312 647 modo
331 621 381 649 per
397 611 471 648 ipsos
482 609 566 649 poffit
580 610 732 648 adducere,
739 608 844 639 Filium
861 608 942 639 suum
959 608 1106 646 mittit,ut
1122 607 1144 636 is
1158 604 1289 643 praesenS,

218 655 312 691 aliquo
332 652 405 687 ure,
424 648 482 680 hoc
498 649 535 680 ab
551 649 590 680 eis
611 657 693 687 queat
711 649 832 687 exigere.
851 646 1012 685 Utriusque
1029 645 1211 688 Priuli,cum
1233 643 1288 674 Pa·

217 693 268 723 tris
282 661 387 730 judam
400 686 532 727 causam,
546 688 610 718 tum
631 687 693 718 Filii
712 687 793 725 pium
814 687 968 724 officium,
979 685 1092 716 Litteris
1110 682 1213 714 nostris
1226 691 1287 712 nori

218 726 424 761 commendare
441 725 556 764 solum,
570 725 618 757 sed
636 727 722 756 etiam
739 726 838 764 juvare
856 725 931 765 apud
951 723 1083 755 Vestram
1103 722 1289 753 Serenitatem

219 766 402 805 summopere
419 767 561 803 cupimus.
596 764 635 795 Et
654 766 775 796 libenter
792 764 912 809 quidem
930 764 988 794 hoc
1004 763 1124 806 facimus
1139 783 1149 799 ,
1174 769 1289 798 propter

215 816 279 837 eam
302 805 534 835 benevolentiam
552 803 608 842 quai
622 803 784 834 Priulorum
799 804 915 834 bamilia
928 799 1209 833 Reverendissimum
1219 799 1290 829 cha-

215 844 415 881 riffimumque
429 842 561 873 nostrum
579 841 837 879 Consanguineum
854 841 1018 872 Dominum
1032 838 1216 882 Cardinalem
1232 838 1290 882 Po-

214 885 278 914 lum
296 883 389 921 longo
409 882 464 911 'am
483 890 614 919 tempore
638 881 789 919 prosecuta
809 879 860 911 est.
905 880 938 911 N
943 880 1046 910 otatim
1066 879 1136 909 vero
1154 887 1220 921 quia
1242 877 1289 907 hic

215 921 377 953 Matthaeus
428 921 514 951 i-iulus
533 930 605 951 unus
630 930 664 950 ex
684 920 791 950 intimis
809 919 935 950 Famulis
959 915 1200 948 Reverendiffimi
1223 915 1291 946 cha-

214 960 375 998 riffim'ique
393 959 485 989 nostri
502 959 717 997 Consanguinei
734 957 835 988 existit.
852 958 909 988 Pro
926 956 1029 988 eodem
1049 957 1113 986 viro
1132 955 1168 985 de
1183 955 1290 987 eodem

215 999 336 1038 negotio
353 998 513 1035 scripfimus
531 998 616 1028 etiam
632 997 666 1028 ad
691 997 814 1036 Regiam
842 996 1026 1035 Majestatem
1051 1005 1061 1034 ·,
1098 993 1196 1033 Itaque
1223 994 1243 1025 fi
1269 995 1291 1024 is

215 1037 349 1077 praesidio
375 1037 486 1068 Gratiae
509 1037 542 1068 &
564 1036 749 1067 Authoritatis
768 1036 911 1073 utriusque
927 1034 1056 1065 vestrum
1076 1033 1291 1071 communitus,

214 1078 258 1115 jus
272 1077 354 1107 suum
370 1075 432 1106 istic
451 1076 596 1112 obtineat,
611 1075 790 1112 curabimus,
805 1074 825 1104 si
843 1073 960 1112 quando
975 1071 1079 1104 Vestra
1099 1071 1240 1103 Serenitas
1257 1072 1290 1102 si-

216 1115 288 1146 mile
305 1113 441 1145 officium
458 1115 474 1145 a
492 1115 576 1145 nobis
594 1112 736 1154 postulet,
755 1123 785 1144 ut
802 1114 885 1151 plane
906 1122 968 1144 tum
988 1111 1141 1150 intelligat,
1156 1112 1241 1149 quam
1258 1110 1292 1140 li-

215 1154 319 1185 benter
331 1151 431 1183 nostro
449 1154 549 1183 animo
569 1161 722 1190 paratoque
741 1151 939 1190 studi0,hunc
954 1150 1117 1187 Virum,&
1133 1151 1209 1180 hanc
1224 1159 1291 1180 cau-

215 1193 277 1223 sam
296 1191 406 1222 Vestrae
429 1191 580 1223 Serenitati
599 1191 881 1223 commendavimus.
923 1190 1023 1227 Deus,
1038 1190 1100 1220 &c.
1129 1188 1292 1221 Greenvici

212 1240 265 1270 27.
277 1230 343 1270 Jan.
366 1239 449 1270 1555.

529 1306 641 1339 Vestrae
658 1307 822 1340 Serenitatis
840 1307 930 1339 Soror
945 1308 978 1339 &
998 1305 1220 1345 consanguinea

997 1384 1162 1415 Mania.

520 1508 579 1543 Ad
594 1512 760 1543 Civitatem
779 1507 992 1555 Gedanenftm.

304 1595 430 1634 Agnifici
449 1595 596 1634 Domini,
615 1594 703 1626 Proc.
719 1593 803 1626 Coff.
823 1595 962 1627 Sen.&c.
983 1594 1081 1626 Amici
1100 1592 1191 1625 nostri
1206 1591 1288 1624 Cha-

320 1636 429 1666 riffimi.

263 1668 355 1704 Valde
370 1682 465 1712 gratus
479 1673 561 1704 nobis
574 1672 669 1704 existit
685 1672 768 1703 favor
781 1671 873 1703 vester
889 1694 899 1710 ,
922 1681 983 1711 quo
1005 1670 1069 1702 usus
1088 1669 1130 1701 est
1154 1670 1290 1709 superiori

228 1723 305 1746 anno
320 1713 362 1743 G.
379 1712 532 1743 Watsonus
546 1713 579 1744 &
593 1713 651 1750 ejus
666 1711 882 1749 Procuratores,
900 1711 930 1741 in
953 1710 1096 1750 parandis,
1118 1709 1219 1740 nostro
1234 1719 1291 1740 no-

226 1755 323 1789 rnine,
342 1753 438 1790 malis,
461 1750 627 1781 rudentibus
642 1750 674 1780 &
690 1749 744 1779 alifi
758 1751 874 1780 materie
889 1748 1001 1780 nautica
1017 1749 1052 1779 ad
1067 1747 1169 1779 Claffis
1185 1747 1291 1778 nostrae

223 1793 305 1823 usum
321 1789 538 1828 pernecessaria:
561 1787 734 1819 Curabimus
748 1797 780 1819 ut
803 1788 873 1819 huic
892 1788 1102 1819 benevolentiae
1123 1786 1226 1819 vestrae
1249 1797 1291 1817 ra-

222 1831 312 1867 tioni,
332 1839 390 1858 non
405 1828 490 1858 nobis
507 1827 600 1858 solum
616 1837 653 1858 eo
665 1836 814 1866 tempore,
832 1827 878 1858 sed
894 1827 998 1857 nostris
1020 1827 1107 1857 etiam
1130 1825 1292 1865 Majoribus

222 1869 337 1906 An'gliae
353 1867 487 1904 Regibus
499 1874 580 1896 antea
595 1866 668 1904 saepe
687 1865 976 1904 declaratae,mutuus
991 1866 1078 1896 etiam
1098 1864 1194 1896 noster
1209 1864 1293 1895 favor

222 1905 405 1945 respondeat,
422 1905 493 1936 cuni
510 1905 711 1942 opportunitas
723 1904 826 1936 idonea
839 1904 1002 1943 postulabit.
1043 1903 1092 1935 De
1113 1903 1218 1934 eodem
1241 1913 1293 1933 ve-

222 1952 256 1977 ro
273 1945 408 1984 negotio,
425 1943 553 1974 eundem
570 1942 612 1974 G.
631 1943 808 1974 Watsonum
835 1944 976 1974 mittimus
998 1943 1085 1974 etiam
1103 1941 1137 1972 ad
1155 1942 1216 1972 Vos
1231 1942 1291 1972 hoc

223 1994 369 2022 ternpore,
387 1992 418 2014 ut
433 1984 474 2020 is,
501 1991 548 2012 aut
563 1983 621 2020 ejus
645 1982 862 2022 Procuratores,
880 1982 989 2012 easdem
1006 1992 1048 2012 res
1070 1980 1106 2012 ad
1122 1990 1185 2011 rem
1200 1981 1292 2011 nauti-

223 2022 488 2058 cam-necessarias,
507 2031 560 2058 pro
575 2022 655 2051 nobis
670 2021 751 2059 istic,
770 2021 866 2052 vestro
888 2021 970 2051 bono
987 2030 1056 2051 cum
1075 2021 1190 2057 favore,
1204 2029 1292 2057 paret.

222 2062 337 2100 ltaque,
357 2061 376 2091 si
394 2061 429 2090 ad
444 2060 505 2090 istas
520 2069 564 2090 res
577 2060 740 2090 commode
755 2060 812 2090 illic
837 2059 1044 2098 providendas,
1070 2060 1104 2090 &
1127 2059 1238 2089 easdem
1260 2059 1294 2089 li-

188 2104 192 2106 ’
224 2102 293 2132 bere
318 2101 352 2131 &
372 2100 536 2137 opportune
557 2099 625 2129 inde
647 2098 889 2136 transportandas,
914 2098 1009 2129 vestro
1036 2098 1176 2128 consueto
1196 2098 1295 2128 favore

224 2150 303 2171 nunc
319 2139 403 2170 etiarn
422 2138 460 2168 uti
480 2136 563 2176 poffit
579 2160 588 2175 ,
612 2138 671 2168 hoc
694 2136 805 2168 fastum
819 2137 946 2167 vestrum
965 2148 1025 2167 non
1041 2137 1135 2167 solum
1149 2144 1230 2176 grato
1246 2146 1296 2166 ac-

223 2179 366 2216 cipiemus
387 2178 486 2207 animo
500 2199 511 2214 ,
535 2175 581 2206 sed
604 2177 692 2214 ipsam
709 2198 718 2214 ,
737 2185 807 2207 cum
830 2176 926 2206 iimilis
948 2175 1104 2207 vestrarum
1127 2185 1220 2206 rerum
1235 2175 1296 2206 usus

223 2226 321 2254 parem
342 2217 359 2247 a
380 2216 463 2245 nobis
485 2216 716 2246 benevolentiam
740 2215 876 2255 requiret,
902 2215 1023 2247 libenter
1037 2214 1297 2254 compensabimus·

226 2256 336 2287 Valete.
375 2253 552 2292 Greenvici,
564 2262 579 2290 7
598 2253 681 2284 Febr.
696 2262 780 2292 1555.

255 2410 352 2442 Sacrae
371 2411 465 2455 Regia
483 2405 647 2454 Majcstati
663 2408 795 2455 Angliae‚
824 2411 889 2446 &a
936 2411 1066 2443 Domino
1086 2408 1179 2454 nqslro
1201 2410 1268 2445 Cle-

672 2457 853 2500 mennffimo.

226 2543 455 2599 POtentiffime
471 2541 769 2580 Princeps,Domine
784 2542 880 2574 noster
892 2542 1292 2578 Clementisiime.Sereniffi-

276 2593 324 2614 ma
339 2582 434 2614 nostra
449 2581 564 2622 Regina
580 2582 668 2612 mittit
685 2581 744 2612 hoc
760 2589 894 2621 tempore
911 2583 939 2612 in
957 2581 1147 2614 Hollandiam
1162 2582 1294 2615 G.Wat-

228 2623 330 2654 sonum
342 2621 450 2652 Civem
465 2619 678 2651 Londincnsem
691 2618 807 2653 fidelem
821 2621 872 2651 diu
886 2620 1028 2652 famulum
1046 2621 1201 2652 vestrarum
1225 2621 1294 2652 Ma·

224 2660 379 2701 jestatuni,
396 2669 428 2690 ut
450 2668 529 2700 paret
550 2659 696 2696 rudciiteS,
721 2658 819 2697 funes,
843 2660 952 2699 malos,
975 2660 1130 2699 anchoras,
1154 2661 1294 2699 aliamque

228 2701 371 2731 nauticam
392 2698 546 2729 Materiam
558 2697 612 2734 ‚ad
628 2696 811 2728 reficiendam
827 2697 955 2729 Classem
971 2698 1053 2737 hujus
1068 2699 1165 2738 Regni
1180 2698 1295 2730 Vestra-

228 2747 294 2768 rum
311 2736 516 2775 Majestatum,
531 2746 597 2774 quae
618 2735 820 2773 tempestatum
843 2738 1018 2775 superiorum
1035 2739 1084 2776 vi,
1097 2738 1208 2777 aliisque
1226 2748 1293 2769 mo-

228 2777 272 2808 dis
289 2775 424 2806 convulsa
439 2774 610 2815 spoliataque
620 2798 630 2811 ,
647 2774 690 2804 his
705 2776 786 2805 rebus
800 2775 958 2805 admodum
971 2784 1044 2815 eget.

268 2815 410 2853 Cogimur
431 2813 548 2852 quidem
570 2813 629 2843 hoc
651 2821 781 2850 tempore
804 2813 868 2844 istas
886 2824 928 2844 res
949 2823 1045 2851 parare
1061 2815 1091 2844 in
1109 2814 1161 2845 illis
1196 2816 1293 2854 ropin-

229 2855 378 2894 quioribus
392 2854 463 2883 locis
485 2861 601 2890 propter
624 2851 789 2889 praesentem
813 2862 906 2883 rerum
925 2853 1130 2883 neceffitatem.
1208 2853 1293 2884 anda-

230 2902 294 2924 tum
314 2894 386 2923 vero
408 2891 494 2922 habet
512 2891 590 2921 idem
610 2890 653 2920 G.
671 2889 844 2930 Watsonus,
879 2899 909 2922 ut
926 2891 1083 2922 Gedanum
1104 2892 1190 2922 etiam
1209 2891 1294 2931 profi-

229 2931 367 2969 ciscatur,
392 2939 425 2961 ut
451 2931 593 2969 majorem
620 2928 683 2959 istic
710 2931 827 2967 copiam
855 2939 989 2967 procuret
1012 2930 1168 2961 earundem
1188 2940 1293 2961 rerum.

229 2970 327 3008 Itaque
356 2969 520 3008 putavimus
543 2967 634 2998 officii
659 2967 748 2997 nostri
775 2969 915 2999 rationem
934 2968 1088 3008 postulare,
1120 2979 1181 2998 non
1200 2969 1293 3000 solum

228 3010 287 3039 lioc
312 3008 423 3039 Vestrae
441 3006 582 3046 Majestati
603 3006 757 3045 significare
772 3029 781 3044 ,
805 3006 851 3037 sed
870 3008 956 3038 etiarn
981 3007 1114 3038 eamdem
1133 3007 1295 3046 suppliciter

229 3056 347 3086 rogare,
375 3055 406 3077 ut
424 3046 565 3077 concedat
588 3045 655 3074 huic
680 3044 722 3075 G.
750 3045 892 3076 Watsono
913 3047 1034 3078 liberam
1053 3046 1234 3083 facultatem,
1259 3047 1295 3078 ὃ(

230 3086 291 3117 istic
315 3085 477 3126 prodeundi
500 3085 534 3116 &
560 3083 628 3113 ind‘c
654 3085 840 3123 exportandi,
865 3084 928 3114 istas
952 3095 1014 3123 res,
1035 3094 1103 3124 quas
1129 3084 1163 3116 ad
1189 3084 1294 3117 Claffis

231 3124 333 3155 vestrae
362 3123 442 3154 usum
461 3123 658 3160 comparabit,
688 3124 721 3154 ὃς
741 3123 770 3153 id
788 3132 868 3154 tanto
886 3133 953 3154 cum
973 3123 1091 3162 favore,
1112 3123 1239 3155 libertate
1258 3125 1294 3155 &

232 3163 432 3200 immunitate,
450 3170 552 3201 quanta
571 3160 751 3191 nobiliffimae
778 3160 880 3192 Mariae
901 3161 1084 3200 Principibus
1101 3162 1293 3194 Sereniffimae

233 3201 337 3232 nostrae
358 3201 478 3239 Reginae
498 3200 678 3237 Parentibus,
705 3200 739 3230 ad
755 3199 801 3230 sua
818 3201 922 3238 privata
943 3201 1140 3232 constituenda
1159 3203 1294 3241 negotia,

233 3240 353 3270 concedi
372 3248 453 3270 antea
470 3239 546 3270 solet.
593 3238 666 3276 Qio
683 3239 779 3276 faet0,
802 3240 837 3271 &
857 3238 958 3269 Classis
976 3240 1060 3278 hujus
1080 3241 1161 3277 regni
1180 3240 1295 3271 Vestra-

234 3288 297 3308 rum
324 3277 505 3315 Maiestatum
531 3277 627 3308 multo
650 3277 814 3307 instruffior
838 3279 1013 3317 paratiorque
1039 3277 1095 3308 effe
1120 3278 1234 3317 potest,
1259 3279 1294 3310 ad

235 3317 396 3346 commode
422 3319 641 3354 opportuneque
657 3315 857 3354 serviendum,
881 3316 915 3346 &
942 3326 996 3346 nos
1023 3317 1107 3346 etiam
1125 3317 1230 3348 eodem
1249 3317 1299 3349 de-

237 3355 329 3385 vincti
352 3354 494 3385 beneficio
512 3364 565 3392 pro
582 3353 782 3384 florentiffimo
800 3353 872 3384 statu
892 3354 1002 3385 Vestrae
1020 3354 1178 3392 Majestatis
1200 3355 1298 3387 Deum

237 3393 346 3462 [Fenbper
365 3394 553 3429 precabimur.
604 3391 650 3423 Ex
668 3391 764 3431 Regia
780 3390 936 3430 Majestatis
954 3392 1065 3424 Vestrae
1084 3393 1242 3426 Greenvici
1253 3417 1263 3433 ,
1280 3403 1297 3433 7

265 3441 280 3461 e
302 3442 322 3461 r.
345 3439 427 3469 1555.

834 3507 943 3539 Vestrae
962 3506 1119 3545 Maiestatis

591 3595 748 3626 Humillimi
766 3599 848 3627 Servi
865 3595 904 3631 ό·
922 3594 1126 3636 obedientisfimi
1143 3595 1259 3626 Subditi.

528 3751 573 3783 D.
600 3749 698 3796 Joan.
719 3736 797 3798 'Regi
821 3752 1007 3799 Portugaliae.

241 3833 317 3895 M
329 3835 353 3866 A
365 3845 459 3873 RIA,
477 3835 538 3866 &c.
576 3834 659 3864 Don.
695 3844 768 3872 oan,
788 3836 850 3866 δερ.
888 3836 1031 3875 Superiori
1051 3836 1152 3867 Mense
1169 3836 1299 3867 Decem-

337 3875 393 3904 bris
418 3874 574 3910 scripsimus
598 3873 632 3903 ad
689 3872 793 3902 estram
813 3874 1001 3912 Majestatem.
1038 3875 1082 3905 Ex
1107 3885 1144 3905 eo
1164 3884 1297 3912 tempore

240 3913 405 3943 mandatum
424 3912 571 3948 dedimus,
589 3921 619 3941 ur
639 3920 743 3940 omnes
762 3910 878 3942 Merces
895 3923 1105 3950 exportarentur
1123 3922 1158 3943 ex
1177 3914 1230 3943 illis
1246 3924 1297 3944 na-

237 3954 320 3981 vibus
338 3961 405 3989 quas
421 3949 508 3980 nostri
526 3950 637 3979 Subditi
655 3957 819 3986 paraverunt
845 3950 879 3979 ad
904 3952 1117 3989 proffifflonem
1136 3952 1164 3981 in
1194 3951 1295 3989 Myna.

236 3989 392 4028 Postquam
413 3987 530 4018 Merces
548 3988 594 4017 hae
614 3987 746 4017 abduc‘tae
764 3986 867 4017 fuerint
888 3990 905 4018 e
923 3991 1057 4027 navibus,
1076 3990 1201 4019 Domini
1213 3989 1296 4020 Mer-

234 4029 313 4058 cium
335 4028 510 4064 cogitantes,
535 4034 637 4064 quanta
663 4026 804 4063 accipiant
829 4025 931 4055 damna
946 4036 980 4057 ex
1006 4028 1198 4064 prohibitione
1216 4029 1295 4064 hujus

233 4066 355 4104 innexis,
371 4067 405 4098 &
422 4074 544 4104 quantos
563 4064 688 4102 sumptus
700 4063 876 4102 iacturasque
894 4065 1074 4104 pertulerint,
1093 4067 1126 4098 ὃς
1146 4067 1175 4095 in
1194 4068 1292 4104 provi-

856 147 1402 197 Ei³isToLAE
1467 146 1844 198 MARIAE,

1321 233 1423 278 dendis
1442 234 1486 265 his
1505 232 1655 277 Mercibus
1673 234 1707 265 δε
1727 234 1824 266 multis
1846 233 1906 265 aliis
1923 236 2020 267 modis
2039 249 2050 276 3
2075 246 2184 279 magno
2214 238 2310 270 studio
2329 238 2395 277 sup·

1323 273 1491 312 pliciterque
1509 273 1525 303 a
1542 273 1628 303 nobis
1647 281 1765 312 petunt,
1780 282 1812 305 ut
1830 273 1889 304 hoc
1907 275 2059 313 negotium
2086 278 2169 314 plene
2189 277 2393 317 constituatur,

1325 321 1412 349 prout
1437 310 1614 342 chariffimus
1640 311 1737 343 noster
1761 312 1795 344 &
1824 311 1943 350 Conjux
1961 313 1994 344 &
2015 313 2161 347 Dominus
2185 317 2224 347 eis
2249 317 2395 355 pollicitus

1328 350 1372 381 fit.
1408 350 1458 380 De
1476 358 1544 382 toto
1561 352 1680 390 negotio
1696 351 1887 381 constitutum
1904 351 1956 381 fuit
1973 350 2010 381 ad
2026 351 2106 383 hunc
2125 355 2266 394 modum,
2290 355 2396 386 videli-

1329 398 1434 427 cet,ut
1453 388 1606 427 postquam
1623 390 1670 420 hae
1687 389 1806 421 Merces
1821 388 1911 421 effent
1927 397 2080 427 exportatae
2099 392 2116 421 ὲ
2131 394 2250 425 navibus
2272 395 2307 426 &
2325 394 2397 424 rela-

1328 436 1366 471 taej
1385 429 1414 458 iri
1434 426 1555 466 Indicis,
1580 427 1677 459 statim
1696 429 1818 466 pecunia
1833 428 1874 460 eis
1891 428 2096 467 persolveretur
2110 452 2120 468 ,
2147 440 2207 461 non
2226 432 2321 463 solum
2339 441 2394 472 pro

1328 467 1374 510 his
1387 466 1616 510 mercibus-quae
1632 466 1839 498 tantummodo
1857 467 1888 497 in
1905 466 1998 508 Myna
2016 468 2169 500 vendibiles
2191 469 2267 509 sunt,
2292 471 2395 502 verum

1327 514 1416 536 etiarn
1433 514 1488 543 pro
1506 505 1560 547 illis
1578 505 1706 542 expensis
1724 507 1758 537 ὅτ
1777 506 1890 537 damnis
1908 516 1972 544 quae
1990 506 2019 536 in
2044 507 2089 537 his
2108 509 2252 539 mercibus
2269 519 2393 549 compa-

1328 543 1438 588 ¹randis,
1453 553 1487 574 ac
1506 543 1587 581 hujus
1603 543 1792 582 profectionis
1808 544 1960 576 occasione
1977 544 2044 584 paffi
2060 544 2132 577 sunt.
2170 546 2249 585 Qae
2273 548 2392 586 quidem

1328 582 1463 620 impensae
1481 582 1515 613 &
1535 581 1641 613 damna
1659 581 1824 614 aestimanda
1840 583 1930 614 eflent
1948 585 2065 614 arbitrio
2088 585 2234 616 bonorum
2251 587 2394 620 virorum.

1327 621 1364 652 Et
1381 630 1556 661 quamquam
1576 630 1636 651 non
1660 621 1822 652 dubitamus
1846 622 1917 660 quin
1936 621 2034 653 Vestra
2051 622 2192 655 Serenitas
2211 624 2394 658 considerans

1327 671 1386 699 quo
1404 660 1506 690 ordine
1524 659 1590 690 haec
1609 669 1652 690 res
1669 659 1745 698 apud
1763 670 1817 691 nos
1834 659 1992 691 constituta
2010 661 2152 698 fit,facile
2169 663 2203 694 ὃς
2222 666 2333 695 mature
2343 673 2394 694 ex·

1327 699 1455 737 peditura
1473 698 1503 729 sit
1521 699 1580 730 hoc
1599 701 1769 737 negotium,
1791 707 1889 730 tamen
1915 700 1986 729 curn
2005 699 2042 729 fic
2063 700 2152 731 indies
2179 701 2283 734 instant
2308 702 2394 733 nobis

1326 737 1416 768 nostri
1442 736 1639 776 Mercatores,
1665 737 1759 768 visum
1786 738 1869 768 nobis
1887 736 1929 767 est
1949 737 2065 768 Litteris
2089 738 2191 770 nostris
2211 748 2310 779 rogare
2335 741 2396 773 Ve-

1328 776 1413 807 stram
1432 776 1635 814 Majestatem,
1660 784 1691 807 ut
1706 776 1774 807 huic
1792 777 1833 808 rei
1851 776 1889 806 sic
1909 776 2061 814 prospiciat
2077 784 2161 814 atque
2176 779 2342 818 provideat,
2362 789 2395 811 ut

1328 815 1432 845 nostris
1454 825 1542 854 quarn
1569 815 1698 854 primum
1716 814 1933 846 Mercatoribus
1951 814 2119 846 satisfactum
2138 816 2188 854 fit,
2211 816 2244 847 &
2265 827 2318 855 pro
2335 817 2396 849 istis

1329 855 1472 884 mercibus
1491 855 1524 885 ὃς
1566 864 1599 884 ro
1617 854 1742 893 expensis
1760 862 1843 892 atque
1860 853 1988 892 damnis,
2014 853 2263 891 quemadmodum
2284 855 2396 887 Domi-

1328 903 1381 924 nus
1407 892 1504 923 noster
1557 893 1702 932 onjuxque
1727 892 1903 924 chariffimus
1928 893 1968 923 eis
1987 893 2127 932 pollicitus
2146 893 2197 923 est.
2245 893 2324 932 Quae
2349 905 2394 926 res

1328 932 1414 962 nobis
1432 941 1546 972 quoque
1564 933 1646 963 valde
1663 940 1739 971 grata
1756 933 1809 962 erit
1820 954 1831 970 ,
1847 931 2098 970 quemadmodum
2117 931 2238 962 libenter
2256 931 2392 964 ostende-

1329 980 1409 1008 mus,
1425 972 1497 1002 curn
1514 974 1712 1009 opportunitas
1735 971 1824 1000 animi
1848 969 1938 1001 nostri
1964 969 2125 1001 declarandi
2151 969 2213 1002 satis
2238 971 2396 1004 commoda

1329 1010 1412 1041 nobis
1432 1010 1496 1041 data
1514 1010 1608 1042 fuerit.
1647 1010 1805 1042 Greenvici
1820 1018 1859 1049 27
1874 1008 1997 1048 Januarii
2018 1017 2106 1048 1555.

1362 1147 1408 1178 D.
1433 1143 1547 1179 Othoni
1570 1147 1702 1179 Henrico
1722 1171 1733 1188 ,
1767 1147 1878 1178 comiti
1899 1144 2058 1189 Palatino,
2092 1145 2225 1191 Princtpi
2247 1144 2366 1179 Eleelo-

1796 1196 1844 1232 ri,
1867 1195 1934 1227 &c.

1332 1285 1554 1349 ILlustriffime
1569 1286 1952 1326 Princeps,Consanguinee
1965 1286 1999 1318 &
2014 1286 2119 1319 Amice
2133 1287 2316 1320 Chariffime.
2331 1287 2395 1320 De-

1385 1327 1481 1357 dimus
1502 1327 1619 1358 Litteras
1636 1326 1742 1357 dilecto
1761 1326 1860 1357 nostro
1878 1337 1912 1357 ac
1930 1326 2004 1356 fideli
2024 1325 2156 1357 familiari
2179 1327 2285 1366 Joanni
2311 1327 2398 1365 Brer,

1333 1374 1364 1396 ut
1385 1375 1430 1396 eas
1448 1366 1549 1397 nostro
1567 1365 1638 1404 jussu
1658 1365 1746 1396 tradat
1764 1366 1847 1396 certis
1863 1365 2032 1404 quibusdam
2051 1364 2178 1395 Subditis
2197 1365 2322 1404 nostris,
2346 1367 2397 1404 qui

1334 1404 1391 1435 hoc
1411 1413 1542 1442 tempore
1560 1406 1589 1434 in
1609 1404 1795 1435 transmarinis
1812 1404 1921 1444 degunt
1940 1404 2073 1442 partibus.
2111 1402 2212 1442 ltaque
2238 1404 2332 1435 amice
2350 1414 2399 1434 ro-

1333 1453 1434 1480 gamus
1464 1443 1595 1474 Vestram
1619 1443 1839 1481 Excellentiam,
1855 1452 1892 1478 ,ut
1917 1442 1937 1473 fi
1965 1444 2013 1481 qui
2037 1451 2073 1473 ex
2093 1442 2146 1473 illis
2163 1443 2268 1480 quibus
2292 1442 2402 1473 nostra:

1332 1483 1483 1512 mittuntur
1504 1483 1638 1520 Litterae,
1656 1483 1686 1512 in
1705 1481 1802 1513 vestro
1820 1481 1964 1513 Dominio
1985 1489 2154 1519 morentur,
2178 1481 2332 1519 praediCius
2346 1490 2402 1511 no-

1331 1519 1387 1551 ster
1406 1520 1549 1552 familiaris
1564 1544 1573 1559 ,
1601 1520 1678 1551 bonfi
1694 1530 1762 1551 cum
1780 1520 1863 1551 venii
1883 1519 1995 1551 Vestrae
2013 1519 2197 1551 Excellentiae
2211 1544 2221 1558 ,
2255 1519 2339 1557 poffit
2357 1529 2403 1550 eas

1332 1559 1451 1590 Litteras
1469 1560 1521 1591 illis
1537 1559 1638 1590 nostris
1653 1559 1780 1591 Subditis
1801 1560 2027 1597 tradere3Atque
2046 1559 2065 1589 fi
2084 1568 2157 1598 opus
2172 1558 2278 1596 fuerit,
2295 1560 2324 1588 in
2344 1566 2400 1589 tra-

1329 1598 1430 1628 dendis
1448 1598 1506 1628 istis
1524 1598 1656 1637 Litteris,
1675 1607 1707 1628 ut
1727 1597 1834 1629 Vestrae
1850 1597 2035 1629 Excellentiae
2062 1596 2245 1628 Authoritate
2260 1596 2344 1635 poffit
2362 1608 2397 1628 u-

1330 1637 1362 1667 ti.
1400 1637 1500 1674 Quem
1519 1636 1644 1668 vestrum
1663 1637 1812 1674 favorem,
1829 1646 1861 1668 ut
1869 1646 1951 1675 grato
1966 1637 2143 1674 accipiemus
2158 1636 2395 1676 animo,&cum

1329 1674 1422 1705 similis
1451 1675 1604 1706 vestrarum
1636 1685 1730 1706 rerum
1750 1674 1813 1706 usus
1839 1684 1936 1714 parem
1962 1676 1977 1705 a
2003 1676 2088 1705 nobis
2108 1674 2335 1705 benevolentiam
2354 1683 2400 1704 re-

1331 1715 1442 1783 guiret,
1468 1714 1590 1783 li6benter
1608 1713 1866 1753 compensabimus.
1905 1713 2006 1753 Deus,
2024 1714 2087 1746 &c.
2124 1712 2304 1752 Croydoniae
2322 1735 2335 1753 ,
2361 1711 2401 1743 26

1361 1761 1407 1792 ug.
1424 1761 1478 1792 155
1504 1776 1514 1785 .

1730 1828 1840 1862 Vestrae
1859 1827 2048 1861 Excellentiae
2066 1828 2290 1869 Consanguinea

2203 1905 2367 1938 Milium

1704 2032 1818 2065 Salvus
1841 2029 2021 2065 ConduHus.

1391 2116 1610 2150 HILIPPus
1626 2119 1660 2151 &
1685 2117 1868 2158 Mania,
1883 2118 1946 2150 &c.
1982 2115 2135 2149 Univerfis
2152 2116 2187 2149 &
2207 2116 2321 2158 singulis
2338 2116 2402 2151 Re-‘

1402 2156 1504 2196 gibus,
1519 2157 1717 2196 Principibus,
1736 2158 1798 2189 &c.
1820 2157 1923 2226 Qum
1946 2155 2066 2187 dilectus
2085 2155 2120 2187 &
2135 2154 2223 2187 fidelis
2237 2155 2334 2188 noster
2357 2157 2402 2189 fa-

1336 2195 1459 2228 milliaris
1481 2196 1604 2235 joannes
1623 2196 1687 2228 Bret
1705 2206 1740 2227 ex
1762 2197 1822 2227 hoc
1872 2204 1950 2236 egno
1969 2196 2000 2226 in
2023 2194 2215 2226 transmarinas
2238 2204 2327 2233 partes
2347 2205 2404 2227 no·

1336 2235 1396 2267 stro
1410 2234 1484 2274 juffu
1499 2235 1526 2266 se
1541 2235 1688 2274 conferat,
1707 2245 1738 2268 ut
1753 2235 1843 2267 tradat
1858 2235 1982 2266 Litteras
1998 2233 2108 2265 nostras
2129 2234 2214 2265 certis
2233 2234 2402 2273 quibusdam

1336 2275 1438 2306 nostris
1453 2273 1576 2305 Subditis
1587 2298 1597 2312 ,
1613 2275 1661 2312 qui
1676 2275 1705 2305 in
1721 2274 1910 2305 transmarinis
1925 2280 2073 2304 morantur
2090 2272 2290 2312 partibus,vos
2301 2282 2404 2305 omnes

1337 2315 1370 2346 &
1385 2312 1508 2353 singulos
1521 2315 1744 2352 praenominatos
1759 2312 1874 2351 Reges,
1896 2311 2064 2351 Principes,
2079 2310 2180 2342 Duces
2197 2321 2231 2342 ac
2255 2311 2407 2343 Dominos

1337 2353 1541 2392 quoscunque,
1565 2353 1598 2383 &
1616 2352 1773 2390 quemlibet
1793 2349 1941 2389 vestrum,
1966 2350 2060 2381 amice
2074 2359 2225 2389 rogamus,
2248 2358 2280 2381 ut
2300 2351 2404 2388 praedi—

1338 2393 1400 2423 &us
1421 2390 1517 2422 noster
1534 2390 1692 2427 familiaris,
1719 2389 1798 2421 bons
1813 2399 1881 2420 cum
1902 2389 1986 2420 venia
2003 2388 2115 2428 vestra,
2131 2389 2217 2427 poffit
2231 2389 2290 2420 illas
2308 2387 2399 2420 Litte-

1337 2441 1380 2461 ras
1402 2431 1510 2461 tradere
1533 2429 1575 2460 his
1597 2429 1724 2460 Subditis
1741 2427 1843 2459 nostris
1890 2429 1938 2466 qui
1961 2430 1990 2458 in
2008 2428 2107 2458 vestris
2124 2436 2271 2458 morantur
2285 2427 2400 2458 Domi·

1337 2470 1410 2507 niis,
1427 2477 1514 2507 atque
1529 2468 1548 2498 fi
1563 2477 1635 2506 opus
1648 2467 1749 2506 fuerit,
1764 2476 1795 2498 ut
1808 2451 1900 2498 velirfi.
1916 2466 2101 2498 Authoritate
2123 2467 2151 2496 in
2166 2465 2271 2497 nostris
2284 2466 2398 2497 traden-

1330 2508 1373 2539 dis
1390 2508 1504 2539 Litteris
1517 2506 1601 2545 posfit
1617 2507 1668 2538 uti.
1704 2506 1808 2537 Amice
1822 2507 1907 2537 etiam
1923 2515 1976 2536 vos
1998 2514 2102 2536 omnes
2122 2506 2156 2537 δε
2178 2504 2301 2543 singulos
2323 2514 2400 2545 prae-

1331 2547 1425 2578 distos
1439 2545 1586 2584 Principes
1600 2554 1633 2576 ac
1652 2545 1799 2576 Dominos
1815 2553 1964 2584 rogamus,
1990 2552 2021 2575 ut
2044 2543 2286 2582 quandocumque
2302 2544 2401 2575 conti-

1331 2587 1403 2625 gerit
1420 2585 1488 2616 huic
1500 2584 1608 2624 joanni
1624 2583 1705 2622 Bret,
1723 2584 1825 2614 harum
1845 2584 1942 2621 latori,
1968 2584 1997 2613 in
2021 2583 2079 2613 hoc
2092 2582 2144 2613 suo
2159 2583 2276 2622 itinere,
2300 2583 2399 2614 venire

1332 2625 1366 2656 ad
1382 2625 1507 2661 Regna,
1529 2623 1688 2660 Dominia,
1704 2622 1750 2653 seu
1765 2621 1919 2653 Potestates
1936 2620 2056 2659 vestras,
2072 2621 2117 2651 vel
2130 2621 2247 2659 alicujus
2256 2620 2396 2660 vestrum,

1332 2674 1400 2694 eum
1418 2663 1545 2702 benigne
1558 2662 1702 2699 accipiatis
1737 2671 1865 2700 eumque
1887 2661 1929 2692 ibi
1951 2661 2070 2697 morati,
2090 2668 2124 2690 ac
2146 2660 2263 2699 quando
2286 2659 2336 2690 fibi
2351 2661 2396 2690 vi-

1331 2703 1393 2733 sum
1411 2702 1511 2738 fuerit,
1531 2710 1582 2739 per
1597 2700 1696 2731 eadem
1711 2685 1776 2731 loca
1789 2723 1800 2739 ,
1817 2699 1920 2737 absque
1932 2698 2161 2738 impedimento,
2185 2699 2273 2729 libere
2285 2698 2319 2729 &
2331 2699 2397 2729 tute

1331 2751 1371 2772 ire
1387 2741 1533 2778 redireque
1549 2739 1732 2777 permittatis:
1754 2739 1792 2769 At
1814 2748 1848 2768 ue
1863 2738 1884 2768 si
1898 2747 1972 2775 opus
1993 2737 2096 2773 fuerit,
2113 2735 2150 2767 de
2173 2736 2260 2768 Salvo
2282 2736 2396 2767 condu-

1330 2780 1396 2818 ἃυ,
1421 2777 1601 2810 rationalibus
1626 2777 1679 2808 suis
1692 2777 1796 2815 sumpti
1820 2787 1871 2814 us,
1894 2777 1920 2806 ei
1938 2775 2127 2814 provideatis:
2153 2776 2254 2814 Quam
2277 2773 2400 2806 vestram

1332 2819 1540 2849 humanitatem
1554 2825 1608 2846 nos
1622 2814 1746 2846 viciffim
1759 2824 1824 2854 erga
1833 2814 1970 2845 Subditos
1984 2823 2018 2844 ac
2031 2812 2191 2844 Familiares
2197 2812 2316 2851 vestrOS,
2323 2814 2396 2845 ciim

1331 2856 1449 2887 occasio
1463 2855 1492 2886 id
1507 2854 1704 2894 postulaverit,
1722 2854 1846 2884 memori
1859 2852 2014 2891 libentique
2028 2852 2126 2882 animo
2138 2852 2400 2890 compensabimus.

1333 2894 1367 2925 In
1381 2895 1462 2933 cujus
1473 2895 1514 2924 rei
1528 2892 1725 2923 testimonium
1739 2893 1789 2923 has
1806 2892 1926 2922 Litteras
1945 2890 2077 2922 Patentes
2095 2888 2156 2922 fieri
2177 2890 2398 2929 fecimus,pro-

1333 2934 1403 2972 priis
1417 2943 1452 2964 ue
1467 2931 1569 2963 nostris
1584 2931 1713 2962 manibus
1727 2930 1831 2962 subscri
1852 2930 1952 2967 fimus,
1967 2938 2001 2960 ac
2036 2929 2115 2960 rivati
2128 2928 2218 2960 nostri
2231 2928 2260 2960 Si
2283 2929 2320 2959 'lli
2339 2930 2398 2959 im·

1334 2943 1473 3010 pressione
1484 2970 1660 3001 communiri
1672 2969 1811 3008 jussimus.
1861 2977 1942 3000 atum
1957 2977 1994 2999 ex
2008 2939 2107 3007 Regia
2127 2967 2244 3007 nostra,
2288 2967 2399 3008 roydo-

1333 3011 1457 3049 niae,26
1475 3008 1596 3049 Augusti
1615 3009 1699 3048 1556.

2100 3082 2347 3115 Pmmm‘us.

2103 3121 2269 3153 Manu.

1333 3200 2402 3218 w

1463 3254 1508 3286 D.
1535 3254 1698 3286 Laurentio
1720 3249 1842 3294 Priulo,
1859 3250 1941 3282 Duci
1962 3247 2175 3290 Venetiarum,
2198 3248 2265 3281 &c-

1335 3338 1558 3400 ILlustriffime
1574 3338 1727 3375 Princeps,
1745 3334 1852 3366 Amice
1864 3331 2045 3365 Chariffime-
2066 3330 2168 3376 Opera
2193 3332 2293 3365 dilecti
2308 3333 2399 3366 nostri

1385 3379 1418 3408 &
1436 3377 1524 3408 fidelis
1535 3376 1678 3407 familiaris
1694 3373 1735 3404 D.
1751 3371 1828 3405 Petri
1843 3372 1976 3414 Vannes,
1991 3369 2081 3414 ¹¹0st.¹¹
2099 3370 2172 3408 apud
2187 3371 2320 3404 Vestram
2339 3372 2399 3404 Ex-

1335 3416 1498 3446 cellentiam
1511 3416 1545 3447 &
1559 3414 1698 3453 Inclytam
1718 3411 1795 3443 illam
1811 3409 2035 3452 Rempubhcam
2061 3419 2109 3439 arn
2129 3409 2180 3440 diu
2198 3409 2329 3442 Oratoris
2343 3421 2399 3442 no-

1336 3455 1395 3493 bis,
1413 3456 1472 3485 hoc
1485 3462 1618 3492 tempore
1633 3451 1714 3482 domi
1732 3449 1934 3488 pernecessaria
1948 3456 2009 3478 ent.
2052 3457 2102 3478 um
2116 3449 2210 3487 itaque
2223 3449 2258 3480 ad
2272 3459 2326 3480 nos
2352 3459 2399 3480 re-

1337 3503 1490 3524 vocamus:
1512 3491 1545 3522 Id
1568 3490 1644 3529 quod
1665 3489 1801 3520 libentius
1813 3487 1950 3523 facimus,
1975 3487 2113 3524 quoniam
2127 3486 2170 3517 D.
2185 3487 2348 3518 Franciscus
2361 3487 2400 3519 de

1337 3531 1446 3569 Vergas
1459 3557 1470 3571 ‚
1495 3530 1675 3561 Consiliarius
1698 3525 1854 3558 charifflmi
1875 3526 1908 3556 &
1932 3524 2056 3555 Domini
2076 3526 2111 3556 &
2130 3525 2272 3565 Con'ugis
2284 3525 2401 3564 nostri,

1336 3570 1449 3609 ejusque
1472 3569 1633 3600 Serenitatis
1653 3564 1728 3604 apud
1750 3563 1880 3594 Vestram
1904 3562 2111 3594 Excellentiam
2132 3564 2166 3595 &
2213 3566 2317 3594 euram
2331 3563 2400 3595 Illu-

1342 3609 1458 3639 lustrem
1471 3606 1697 3646 Rempublicam
1711 3602 1835 3640 Orator,
1852 3601 1948 3633 nostra
1967 3604 2055 3634 etiam
2077 3600 2225 3639 nostrique
2237 3601 2332 3642 Regni
2347 3613 2400 3634 ne-

1341 3649 1420 3686 gotia
1437 3646 1599 3678 commode
1621 3642 1684 3673 istic
1707 3642 1881 3679 procurabit.
1920 3641 1982 3680 Qii
1996 3641 2078 3671 dabit
2094 3648 2228 3678 operam,
2252 3648 2284 3672 ut
2299 3642 2400 3672 omnia

1341 3694 1448 3715 mutuae
1467 3684 1613 3715 Amicitiae
1626 3679 1741 3717 officia,
1761 3689 1824 3718 quae
1844 3679 1938 3717 longo
1952 3681 2012 3718 jam
2032 3687 2180 3717 tempore,
2201 3679 2274 3710 inter
2287 3679 2401 3717 Angliae

1340 3722 1484 3760 Regnum
1498 3724 1532 3754 &
1548 3721 1688 3751 Venetam
1716 3717 1939 3756 Rempublicam
1961 3717 2191 3754 intercesserunt,
2210 3727 2269 3747 non
2289 3725 2400 3748 retenta

1339 3761 1433 3792 solum
1444 3785 1453 3798 ,
1465 3762 1510 3791 sed
1523 3759 1602 3790 mista
1613 3758 1745 3795 deinceps
1761 3757 1850 3796 magis
1871 3767 1905 3788 ac
1926 3758 2014 3796 magis
2037 3754 2094 3786 esse
2136 3761 2226 3786 ueant.
2245 3754 2291 3785 Ad
2309 3765 2398 3793 quam

1338 3810 1399 3831 rem
1414 3798 1612 3836 perficiendam
1627 3819 1637 3834 ,
1655 3806 1708 3826 nos
1732 3795 1856 3826 studium
1870 3804 2013 3834 paratum,
2035 3802 2109 3832 quan
2129 3802 2275 3830 ocumque
2297 3793 2398 3830 postu-

1337 3839 1407 3869 labit
1422 3836 1554 3873 occasio,
1571 3836 1690 3865 libenter
1703 3835 1870 3865 adferemus.
1888 3832 1938 3864 De
1953 3833 2034 3864 simili
2049 3833 2121 3862 vero
2136 3831 2280 3862 voluntate
2293 3833 2324 3862 in
2339 3832 2398 3864 Ve..

1336 3877 1393 3907 stra
1403 3873 1577 3906 Excellentia
1593 3874 1681 3911 inque
1694 3872 1786 3903 vestra
1799 3871 1904 3910 inclyta
1919 3869 2099 3913 Republica,
2116 3867 2152 3899 ad
2167 3878 2266 3906 parem
2288 3879 2398 3902 mutua:

1337 3915 1467 3947 colendae
1484 3913 1630 3943 Amicitiae
1650 3912 1814 3948 rationem,
1848 3911 1980 3947 prompta
2000 3906 2123 3938 vieiffim
2141 3915 2224 3946 atque
2247 3909 2394 3948 expedita,

1336 3953 1458 3986 minime
1471 3951 1645 3984 dubitamus.
1661 3950 1733 3982 Dat.
1746 3947 1924 3987 Croydoniae
1933 3969 1943 3985 ,
1958 3956 1980 3985 4
1993 3946 2072 3986 Sept.
2091 3947 2177 3985 1556,
