2561 4263
20 170 102 209 216
461 149 1110 204 CONVENTION

39 251 145 298 “Teste
164 252 251 292 Rege
268 252 343 291 apud
364 246 637 290 Wstmonasterium‚
656 243 772 273 decimo
788 247 889 279 quarto
902 238 947 269 die
968 236 1085 276 Janua-

17 301 64 322 rm
580 323 634 351 Per
652 322 747 348 Breve
765 316 797 346 de
813 318 933 346 Privato
947 312 1049 351 sigillo.

60 406 201 446 Jeremias
226 405 330 445 Nelfim
344 427 353 440 ,
379 401 527 434 Clericus,
547 398 584 429 A.
603 397 650 427 M.
668 396 755 426 habet
775 393 882 423 Literas
900 391 1031 422 Parentes
1051 389 1088 420 de

24 443 238 478 Presentatione
260 446 294 475 ad
323 441 487 473 Rectoriam
514 436 640 468 Ecclesie
659 432 836 472 ,parochialis
867 430 902 460 de
927 428 1088 470 Ingoldsby,

26 483 161 516 Diocesis
179 484 338 519 Lincolnie,
342 482 400 518 jam
418 478 454 508 de
462 479 524 517 jure
542 472 752 510 vacantems&
771 471 805 500 ad
825 468 953 498 nostram
972 467 1089 498 Presen-

26 525 166 553 tationem
186 523 270 562 pleno
283 522 345 557 jure
368 517 560 556 specstantem3
581 513 617 543 Et
640 512 798 548 diriguntur
818 508 855 537 he
877 507 971 537 Litere
991 506 1088 536 Reve-

25 562 195 592 rendiffimo
211 562 239 590 iri
258 557 375 589 Christo
395 556 472 585 Patri
489 563 523 584 ac
544 551 696 587 Domino,
712 548 845 578 Domino
864 544 1092 585 Gulielmo,pro-

26 601 154 632 videntia
171 597 266 628 divina
279 593 472 633 cantuarienfi
484 589 730 627 Archiepiscopo‚
749 585 808 621 &a

63 639 152 671 Teste
169 638 249 675 Rege
264 635 336 674 apud
355 630 628 672 Westmonallerium,
644 625 802 657 undecimo
819 623 866 653 die
878 621 1029 660 Januarii.

593 668 646 696 Per
662 668 756 695 Breve
771 663 804 693 de
823 664 943 692 Privato
954 659 1058 698 Sigillo.

63 751 186 782 Michael
201 749 316 789 Hudsbn
333 772 343 787 ,
369 747 519 784 Clericus,
548 744 584 776 A.
602 742 650 773 M.
666 743 753 772 habet
774 739 882 770 Literas
904 738 1034 769 Parentes
1059 735 1096 766 de

28 791 236 822 Presentatione
258 789 292 819 ad
309 788 480 818 Recioriam
500 785 558 814 sive
576 782 733 814 Ecclesiam
758 778 950 818 parochialem
977 777 1013 806 de
1042 773 1096 814 Uf-

25 829 151 869 fington,
164 828 296 859 Diocelis
312 826 530 862 Lincolnie,per
551 830 675 852 mortem
691 818 846 849 naturalem
867 817 958 847 ultimi
975 814 1096 845 Incum-

28 869 120 898 bentis
138 867 264 906 ejusdem
281 867 339 903 jam
355 873 523 901 vacantem,
534 862 566 892 &
583 861 617 891 ad
635 858 763 890 nostram
776 856 1016 888 Presentationem
1034 853 1096 890 ple-

28 916 68 936 no
84 907 147 945 jure
164 906 359 942 spectantem3
388 903 425 933 Et
447 902 602 939 diriguntur
621 899 657 928 he
677 897 774 927 Litere
801 892 1050 925 Reverendisliino
1069 893 1099 921 in

31 944 150 974 Christo
172 944 249 974 Patri
263 954 297 974 ac
321 943 472 979 Domino,
483 940 620 970 Domino
635 935 771 967 Gulielmo
782 957 791 972 ,
802 932 984 972 providentia
1001 928 1101 962 divina

30 982 226 1022 Cantuarienfi
244 981 486 1018 Archiepiscop0,
502 977 565 1012 &⁷5-

65 1021 155 1054 Teste
176 1021 256 1061 Rege
274 1021 348 1061 apud
368 1013 762 1056 Westmonasteri'um,decimo
779 1020 860 1041 nono
879 1009 924 1040 die
940 1007 1102 1038 Decembris.

600 1055 654 1083 Per
672 1054 765 1081 Breve
783 1050 814 1079 de
831 1051 951 1079 Privato
968 1046 1069 1085 Sigillo.

70 1136 222 1175 Johannes
247 1140 362 1173 Donne,
382 1134 417 1164 L.
435 1133 469 1163 L.
489 1132 529 1163 D.
548 1131 634 1162 habet
665 1129 772 1159 Literas
790 1127 920 1157 Patentes
936 1124 973 1155 de
991 1123 1107 1154 Presen—

33 1179 142 1206 tatione
162 1178 195 1207 ad
218 1176 387 1206 Recioriam
408 1173 427 1192 ²*
448 1173 504 1202 sive
530 1169 686 1200 Ecclesiam
713 1165 907 1204 parochialem
931 1164 967 1193 de
990 1162 1104 1201 Uffird,

36 1215 167 1246 Diocesis
192 1211 405 1252 Petriburgenfis
419 1234 429 1250 ,
454 1220 502 1248 per
520 1209 641 1239 liberam
660 1207 694 1237 &
712 1206 896 1243 spontaneam
923 1202 1104 1238 Resignatio-

35 1264 105 1284 nem
124 1254 221 1284 Thome
240 1251 407 1290 Nicholfhn,
423 1247 652 1286 Clerici‚ultimi
666 1243 866 1275 Incumbentis
881 1240 1023 1279 ejusdem,
1042 1241 1104 1278 jam

35 1303 204 1331 vacantem,
222 1294 255 1324 &
271 1291 304 1321 ad
323 1290 448 1320 nostram
469 1287 709 1317 Presentationem
729 1282 816 1320 pleno
833 1282 894 1318 jure
913 1279 1105 1318 spediantem3

33 1331 72 1363 Et
91 1334 246 1369 diriguntur
264 1331 299 1360 he
322 1329 417 1359 Litere
437 1323 687 1357 Reverendissmo
705 1323 733 1350 in
754 1319 875 1350 Christo
898 1318 1019 1348 Patriae
1038 1316 1106 1346 Do-

35 1372 134 1409 mino,
150 1371 282 1401 Domino
297 1366 449 1404 Gulielmo,
466 1362 644 1403 providentia
665 1359 763 1391 divina
785 1355 978 1396 Cantuarienfi
1001 1356 1106 1386 Archi-

33 1411 187 1448 episcopo,
203 1411 310 1439 ratione
326 1406 482 1437 vacationis
497 1403 577 1433 Sedis
592 1399 764 1438 Episcopalis
777 1394 1001 1436 Petriburgensis.

71 1449 159 1480 Teste
175 1448 258 1487 Rege
276 1445 350 1484 apud
379 1440 640 1482 Westmonasterium
654 1461 664 1476 ,
687 1437 807 1467 decimo
821 1444 903 1465 nono
926 1434 973 1464 die
992 1435 1108 1462 Decem-

36 1488 100 1518 bm.
587 1518 641 1546 Per
662 1518 756 1545 Breve
775 1514 807 1543 de
826 1514 949 1543 Privato
966 1509 1071 1549 Sigillo.

73 1604 207 1634 Robertus
222 1600 352 1641 Cheflen,
374 1597 523 1633 Clericus,
549 1595 583 1625 A.
603 1593 648 1624 Μ.
667 1593 754 1623 habet
782 1591 892 1622 Literas
916 1589 1048 1619 Parentes
1072 1587 1108 1618 de

37 1643 246 1675 Preseritatione
264 1642 299 1671 ad
321 1638 487 1669 Rectoriam
505 1637 561 1665 live
580 1633 735 1663 Ecclesiam
753 1628 946 1669 parochialem
962 1628 998 1658 de
1011 1630 1108 1657 Hinx-

35 1681 146 1720 worth,
164 1679 293 1711 Diocesis
319 1675 455 1706 Lincolm‘e
469 1699 478 1711 ‚
502 1683 550 1712 per
570 1673 686 1702 liberam
709 1671 741 1700 δε
760 1668 942 1706 spontaneam
970 1665 1109 1705 Religna-

35 1723 146 1752 tionem
165 1719 278 1749 Andree
296 1716 376 1746 Clare
391 1737 400 1752 ,
421 1714 451 1744 S.
464 1713 504 1743 T.
532 1712 564 1742 P.
583 1712 640 1748 jam
660 1717 811 1741 vacantem
833 1729 842 1744 ‚
873 1707 906 1737 &
925 1704 958 1734 ad
979 1704 1108 1734 nostram

38 1760 304 1792 presentationem,
321 1755 430 1784 ratione
447 1751 565 1781 minoris
580 1750 657 1779 etatis
674 1751 759 1777 Anne
779 1747 923 1781 Banninge
941 1744 974 1775 &
994 1742 1108 1772 Penelo-

34 1808 66 1838 pe
87 1801 249 1833 Bamunge,
264 1794 384 1823 filiarum
401 1793 432 1821 ὃς
448 1789 637 1820 Coheredum
656 1785 736 1815 Pauli
751 1792 833 1822 nuper
851 1785 1013 1812 Vicecomitis
1030 1785 1110 1811 Ban-

35 1840 131 1873 ninge,
150 1845 203 1872 pro
221 1834 273 1863 hac
295 1834 357 1861 vice
378 1829 571 1868 speciantem3
596 1826 634 1856 Et
655 1825 816 1863 diriguntur
835 1822 870 1852 he
893 1821 990 1851 Litere
1013 1820 1109 1851 Reve-

34 1874 200 1906 rendiffimo
219 1874 247 1902 in
264 1869 383 1901 Christo
401 1867 473 1898 Patri
493 1876 526 1896 ac
548 1866 682 1895 Domino
698 1861 849 1898 Gulielmo,
868 1859 1048 1899 providentia
1064 1859 1109 1888 di-

34 1914 103 1945 vina
116 1909 307 1946 Cantuariensz
324 1903 636 1945 Archiepiscop0,&c.
658 1903 765 1932 ratione
783 1899 976 1937 Suspensionis
991 1897 1110 1938 Episco-

35 1955 66 1992 pi
90 1950 253 1986 Lincolnie‚
272 1950 333 1978 &Q

72 1990 161 2022 Teste
181 1989 266 2027 Rege
283 1985 358 2025 apud
380 1981 657 2024 Wstmonastmum,
676 1978 792 2009 decimo
820 1977 906 2009 tertio
926 1975 972 2006 die
997 1978 1111 2005 Decem-

37 2031 102 2061 bm'
590 2060 641 2087 Per
661 2060 754 2086 Breve
777 2055 809 2085 de
829 2056 949 2084 Privato
969 2052 1070 2092 sigillo.

76 2143 202 2176 Michael
214 2142 345 2178 Roberts,
362 2139 492 2170 Clericus
508 2160 516 2176 ,
536 2134 555 2166 S
581 2134 621 2164 T.
640 2134 662 2164 Β
692 2134 778 2163 habet
799 2131 904 2163 Literas
924 2131 1054 2163 Parentes
1071 2131 1107 2162 de

37 2185 244 2215 presentatione
261 2181 297 2210 ad
321 2179 466 2209 Vicariam
492 2177 527 2207 de
556 2173 724 2212 Langonoyd
737 2195 746 2209 ‚
766 2182 819 2202 una
836 2181 905 2202 cum
926 2171 1044 2208 Capella
1058 2181 1108 2200 an-

36 2233 151 2261 nexata,
171 2219 303 2252 Diocesis
323 2214 535 2255 Laudavenfis,
555 2223 603 2251 per
624 2221 751 2242 mortem
771 2210 926 2241 naturalem
945 2210 1036 2240 ultimi
1063 2209 1108 2239 [n-

37 2262 200 2294 cuin¹ientis
217 2259 341 2296 ejusdem
361 2257 418 2292 iam
438 2262 589 2293 vacantem
602 2252 650 2287 ‚&
670 2250 704 2280 ad
723 2249 848 2280 nostram
866 2249 1109 2279 presentationem

38 2302 148 2332 ratione
175 2296 341 2327 minoritatis
359 2296 470 2324 Heririci
489 2290 629 2329 Mansell,
646 2289 805 2325 Batonem,
822 2286 923 2317 Wardi
945 2286 1032 2317 nostri
1044 2290 1110 2324 (pro

38 2341 93 2371 hac
114 2336 188 2373 vice)
210 2336 382 2375 spectantem
407 2344 417 2370 3
457 2330 495 2361 Et
521 2331 681 2365 diriguntur
706 2327 743 2356 he
771 2327 865 2356 Litere
884 2325 1059 2357 Reverendo
1081 2326 1111 2354 in

37 2378 160 2409 Christo
180 2375 255 2406 Patri
274 2383 307 2403 ac
330 2371 467 2401 Domino
489 2368 623 2398 Gulielmo
638 2390 648 2404 ,
675 2365 861 2404 permissione
875 2364 974 2394 divina
995 2363 1112 2394 Landa-

37 2416 115 2454 vensi
140 2415 294 2454 Episcopo.

75 2454 165 2485 Teste
183 2453 266 2492 Rege
283 2447 360 2488 apud
381 2443 661 2486 Wstmonasterium,
680 2442 797 2473 decimo
817 2449 916 2479 quarto
933 2441 978 2471 die
1001 2443 1113 2470 Decem-

40 2493 105 2525 bm'
603 2523 658 2551 Per
678 2523 772 2550 Breve
789 2519 821 2548 de
838 2520 958 2548 Privato
976 2517 1077 2556 Sigillo.

73 2609 223 2650 Jobannes
240 2609 367 2644 Toewres,
387 2604 415 2635 S.
435 2602 476 2633 T.
496 2600 528 2631 P.
546 2600 635 2630 habet
663 2598 772 2628 Literas
795 2596 927 2627 Parentes
943 2596 979 2626 de
996 2595 1112 2626 Presen-

37 2652 146 2681 tatione
165 2648 198 2677 ad
220 2646 387 2676 Rectoriam
409 2644 441 2674 &
470 2640 626 2670 Ecclesiam
655 2634 846 2675 parochialem
873 2635 908 2664 de
933 2634 1027 2673 Castor
1046 2636 1110 2664 alias

37 2687 149 2726 Caster,
168 2689 196 2716 in
215 2684 365 2715 Comitatu
384 2680 616 2718 Northamptonie
631 2699 640 2714 ,
662 2677 695 2708 δεῖ
722 2674 934 2713 Ρσινίὸιινςυ».]ἷκ
960 2674 1109 2710 Οἰοεείίς,

41 2737 96 2758 una
111 2735 180 2755 cum
199 2723 322 2761 Capellis
337 2722 432 2751 eidem
451 2716 728 2756 pertinentibus,per
750 2721 874 2743 mortem
895 2714 1051 2743 naturalem
1069 2713 1111 2742 ul-

42 2765 107 2797 timi
126 2762 321 2794 Incumbentis
339 2759 462 2798 ejusdem
476 2758 535 2794 jam
556 2763 723 2789 vacantem,
743 2753 775 2782 &
793 2752 825 2781 ad
846 2751 971 2781 nostram
988 2751 1110 2783 Presen-

40 2805 178 2836 tationem
198 2802 306 2831 ratione
317 2796 470 2829 vacationis
486 2793 671 2832 Episcopatus
688 2789 899 2828 Perriburgenfis
910 2791 919 2826 (
930 2800 982 2827 pro
1000 2791 1052 2820 hac
1067 2790 1111 2818 vi-

39 2837 336 2879 ce)spec‘kantem;Et
356 2836 512 2873 diriguntur
532 2833 571 2861 he
594 2831 687 2860 Litere
706 2827 955 2859 Reverendiil‘irno
976 2830 1004 2858 in
1022 2827 1112 2857 Chri-

40 2882 84 2912 sto
104 2881 178 2911 Patri
197 2889 230 2909 ac
251 2876 387 2907 Domino
407 2871 558 2906 Gulielmo,
576 2866 767 2905 Cantuarienfi
780 2865 1091 2904 Archiepiscopo,&c.

77 2918 167 2951 Teste
187 2917 268 2956 Rege
286 2914 359 2953 apud
381 2909 660 2950 Wistmonasterium,
681 2907 800 2943 septimo
819 2905 865 2934 die
883 2906 1059 2934 Novembris.

603 2947 657 2975 Per
676 2948 770 2975 Breve
787 2944 818 2973 de
839 2946 960 2973 Privato
977 2942 1077 2980 sigillo.

83 3034 229 3074 Johannes
248 3029 377 3068 Feately,
401 3026 546 3063 Clericus,
572 3023 605 3053 Α.
623 3022 669 3052 Μ.
689 3023 773 3052 habet
805 3021 911 3051 Literas
930 3020 1063 3051 Parentes
1079 3020 1115 3051 de

45 3074 255 3107 Presentatione
271 3070 304 3099 ad
322 3067 492 3097 Re&‹iriam
511 3065 543 3095 ὃς
561 3062 715 3093 Ecclesiam
734 3060 922 3098 parochialem
942 3059 978 3089 de
994 3062 1117 3097 Langcr,

48 3116 78 3144 in
97 3112 249 3142 Comitatu
270 3105 497 3143 Nottiughamie,
516 3101 650 3133 Diocelis
669 3099 804 3136 Eburum,
822 3108 870 3136 per
890 3107 1014 3128 mortem
1035 3107 1117 3128 natu-

48 3153 135 3182 ralem
156 3149 246 3180 ultimi
266 3145 463 3177 Incumbentis
480 3141 603 3179 ejusdem
620 3142 677 3177 jam
696 3147 863 3174 vacantem,
879 3138 913 3178 ὃς
934 3137 967 3166 ad
987 3137 1116 3166 nostram

49 3190 288 3222 presentationem
307 3186 416 3214 ratione
436 3180 555 3211 minoris
570 3179 648 3209 etatis
666 3176 805 3215 Ambrofii
826 3176 927 3213 Pudsey
943 3175 1046 3205 Wardi
1064 3186 1117 3205 no-

52 3228 115 3263 stri,
129 3237 180 3264 pro
196 3227 249 3255 hic
269 3225 334 3254 vice
354 3221 545 3259 spectiintem·
571 3217 605 3247 Et
621 3217 783 3252 diriguntur
803 3215 840 3244 he
857 3215 950 3244 Litere
970 3213 1118 3245 Reveren-

51 3266 166 3296 dissimo
187 3265 215 3293 in
240 3261 360 3292 Christo
379 3259 456 3289 Patri
474 3267 507 3288 ac
530 3241 682 3291 homino,
700 3253 834 3283 Domino
853 3252 970 3281 Ricardo
987 3274 996 3288 ,
1019 3253 1118 3289 provi-

52 3303 148 3335 dentia
163 3301 262 3332 divina
277 3300 397 3330 Eborum
414 3293 643 3333 Archiepiscopo
659 3315 668 3330 ‚
689 3290 795 3328 Anglie
817 3290 936 3320 Primati
952 3290 985 3320 &
1002 3290 1121 3321 Metro-

54 3343 192 3382 politano.

91 3379 179 3412 Teste
197 3377 278 3417 Rege
298 3375 372 3414 apud
393 3371 670 3412 westmonasterium,
694 3366 820 3397 secundo
833 3366 880 3396 die
905 3367 1067 3396 Decembris.

614 3409 667 3437 Per
690 3408 779 3434 Breve
797 3405 829 3433 de
847 3407 967 3435 Privato
986 3404 1086 3442 Sigillo.

0 3530 2 3536 Ι
94 3494 210 3524 Thomas
231 3490 412 3529 Drayton,s.
427 3489 469 3519 T.
486 3487 521 3518 P.
539 3486 627 3516 habet
649 3482 757 3512 Literas
776 3480 909 3511 Parentes
927 3480 962 3511 de
980 3479 1124 3511 Pselema-

57 3538 138 3568 tione
154 3532 189 3562 ad
208 3530 350 3561 Vicariam
369 3530 401 3559 &
423 3525 580 3558 Ecclesiam
600 3520 792 3560 parochialem
811 3519 847 3549 de
864 3522 1027 3556 Terington,
1054 3527 1122 3548 cum

61 3572 178 3613 Capella
195 3566 486 3601 annexata,Diocefis
500 3567 532 3595 &
543 3559 753 3600 Jurisdietionis
771 3557 1025 3596 Nor-wicensis‚per
1043 3566 1124 3586 mor-

61 3621 120 3643 tem
140 3607 297 3640 naturalem
315 3605 407 3634 ultimi
426 3600 624 3632 Incumbentis
641 3598 764 3636 ejusdem
776 3597 836 3635 jam
855 3605 1023 3632 vacantem,
1039 3595 1073 3625 &
1089 3594 1123 3624 ad

61 3650 187 3680 nostram
210 3643 445 3675 presentationem
463 3642 546 3677 pleno
555 3640 618 3677 jure
636 3636 831 3676 speetantem3
848 3632 887 3663 Et
912 3634 1071 3671 diriguntur
1085 3632 1124 3661 he

64 3690 160 3719 Litere
179 3681 350 3715 Reverendo
373 3680 402 3708 in
422 3678 539 3708 Christo
559 3676 633 3707 Patri
652 3685 685 3706 ac
704 3673 839 3705 Domino
855 3671 991 3709 Ricardo,
1007 3671 1126 3709 permis-

65 3728 142 3758 sione
161 3722 256 3753 divina
276 3716 447 3755 Norwicenfi
469 3715 621 3752 Episcopo.

102 3763 192 3795 Teste
211 3761 289 3800 Rege
305 3757 380 3794 apud
396 3753 592 3793 W'estmonastei
599 3757 671 3789 ium,
681 3749 807 3781 secundo
823 3748 870 3778 die
887 3746 1053 3777 Decembris.

615 3793 668 3820 Per
686 3792 780 3819 Breve
799 3787 832 3817 de
851 3789 971 3816 Privato
989 3783 1090 3825 Sigillo.

0 3894 2 3900 >
103 3881 223 3915 Morgan
239 3872 393 3909 Goodwyn,
410 3868 446 3899 L.
467 3869 503 3899 L.
523 3866 564 3897 D.
578 3866 674 3909 ⁴habet
691 3865 798 3896 Literas
813 3864 941 3895 Patentes
957 3862 995 3892 de
1012 3861 1130 3892 Presen-

6 3914 12 3920 ’
67 3927 174 3950 tatione
188 3915 222 3946 ad
243 3911 409 3943 Restoriam
429 3909 461 3939 &
479 3906 639 3936 Ecclesiam
657 3903 847 3942 parochialem
863 3903 899 3933 de
915 3900 1128 3938 Langan,Dio-

68 3958 136 3989 cesis
154 3948 361 3988 Laudavenfis,
375 3955 423 3985 per
440 3953 565 3974 mortem
580 3942 732 3983 naturalem
746 3942 841 3971 ultimi
865 3940 1061 3970 incumbentis
1073 3940 1129 3969 ibi-

69 3997 137 4026 dem
151 3995 206 4030 jam
222 3985 430 4023 vacantem,&
443 3984 478 4013 ad
494 3980 620 4012 nostram
636 3980 878 4010 Preientationem
900 3980 1009 4008 ratione
1032 3978 1128 4008 mino-

70 4045 106 4065 ris
125 4033 202 4063 etatis
215 4027 357 4067 Johannis
373 4022 507 4059 Thomas,
522 4019 554 4050 N
558 4020 620 4048 obis
640 4018 762 4054 Pupilli,
784 4027 836 4054 pro
850 4017 905 4047 hac
922 4018 988 4046 vice
1001 4016 1129 4052 speetatr-

66 4082 141 4109 tem3
157 4070 194 4101 Et
209 4068 369 4105 diriguntur
384 4062 421 4094 he
436 4060 530 4092 Litere
544 4057 718 4090 Reverendo
732 4057 763 4087 in
780 4055 900 4087 Christo
915 4053 1041 4086 Patriae
1060 4053 1129 4086 Do-

1137 149 1248 198 ES,
1304 146 1698 193 LITERAE,

1124 236 1207 266 mino
1225 231 1374 270 Gulielmo,
1387 230 1572 269 permissione
1583 230 1681 262 divina
1697 227 1878 268 Landavenfi
1894 227 2049 268 Episcopo.
2210 217 2340 250 Amo.

1157 272 1249 304 Teste
1267 272 1349 311 Rege
1366 271 1441 309 apud
1459 269 1733 310 Westmonasterium,
1750 269 1851 305 quinto
1864 268 1909 298 die
1926 269 1984 297 No⁴
1998 266 2101 297 ambus.
2225 256 2316 298 1633·

1683 309 1736 337 Per
1753 307 1846 336 Breve
1863 307 1895 336 de
1916 308 2035 337 Privato
2051 302 2152 344 sigillo.
2207 298 2323 364 ng—¹4·-

1163 385 1280 416 Thomas
1295 383 1597 423 FullergClei-icusss.
1611 383 1652 413 T.
1673 382 1695 413 B
1724 383 1811 413 habet
1831 382 1992 414 consimiles
2014 383 2123 414 Literas
2139 380 2195 411 Pa-
2257 381 2304 408 27·

1125 433 1214 456 tentes
1235 424 1271 454 de
1291 423 1500 453 Presentatione
1519 423 1553 452 ad
1574 421 1720 452 Vicariam
1745 423 1800 452 sive
1820 420 1976 452 Ecclesiam
2001 421 2193 459 parochialem

1126 463 1162 494 de
1183 461 1380 499 Netherbury,
1394 462 1424 490 in
1447 460 1598 490 Comitatu
1612 459 1711 490 nostro
1728 459 1831 498 Dorftt
1846 482 1856 497 ,
1886 460 1942 496 jam
1959 460 1996 489 de
2009 461 2072 497 jure
2087 469 2191 490 vacan-

1127 511 1204 541 tem,
1218 502 1251 533 &
1266 500 1299 530 ad
1319 500 1444 529 nostram
1461 498 1701 542 presentationem
1719 508 1767 535 per
1787 499 1954 535 pravitatem
1974 497 2105 528 Simonie
2137 498 2194 528 sive

1129 551 1177 580 per
1205 541 1225 560 *²
1244 538 1351 579 lapsum
1369 546 1527 580 temporis,
1540 536 1584 566 vel
1602 537 1657 566 alio
1676 546 1849 574 quocunque
1867 536 1958 567 modo
1984 546 2037 574 pro
2061 521 2121 567 nac'
2133 538 2198 567 vice
2231 527 2325 556 *ΧΧ*

1130 579 1303 617 spectantem
1318 588 1327 615 3
1341 576 1378 606 Et
1401 575 1564 610 diriguntur
1584 575 1621 604 he
1643 574 1739 605 Litere
1762 575 1883 605 Dilecto
1903 574 2003 605 Nobis
2024 576 2054 605 in
2079 574 2200 605 Christo
2217 577 2281 606 332·

1131 622 1244 649 Decano
1265 615 1394 647 Ecclesie
1410 612 1587 643 Cathedralis
1604 616 1710 642 Sarum.

1171 656 1262 688 Teste
1276 654 1364 693 Rege
1381 651 1455 693 apud
1476 653 1525 682 We
1549 650 1736 690 monasterium
1745 673 1755 687 ,
1768 649 1885 681 decimo
1899 650 2009 683 odkavo
2021 651 2068 682 die
2084 653 2202 691 Septem-

1133 695 1201 726 ὄψ’
1693 725 1747 756 Per
1765 728 1859 756 Breve
1876 728 1910 757 de
1925 730 2047 759 Privato
2064 727 2168 767 Sigilla.

1171 809 1321 849 Johannes
1335 811 1421 846 Cape,
1442 806 1593 843 Clericus,
1612 803 1696 835 habet
1710 802 1875 834 consimiles
1891 803 2000 835 Literas
2020 804 2154 837 Parentes
2169 805 2207 837 de
2269 813 2304 840 26

1136 849 1344 888 presentatione
1357 847 1392 877 ad
1403 846 1570 877 Portionem
1586 842 1726 873 Rectorie
1735 841 1863 872 Ecclesie
1872 842 2039 879 parochialis
2053 844 2089 874 de
2097 848 2205 882 Spring-
2309 833 2313 841 Ι

1137 887 1204 926 field
1211 909 1219 923 ,
1238 896 1372 917 vocatam
1389 884 1532 915 Richard's
1554 884 1688 920 Portion,
1706 882 1735 911 in
1755 879 1905 911 Comitatu
1926 881 2053 919 Effexie,
2074 882 2208 913 Diocefis

1138 926 1257 957 London
1272 948 1282 963 ,
1304 925 1365 963 jam
1388 934 1438 962 per
1455 931 1581 953 mortem
1599 919 1753 951 naturalem
1771 918 1863 949 ultimi
1880 917 2077 949 Incumbentis
2096 921 2206 951 ibidem

1147 973 1297 995 vacantem
1308 986 1317 1001 ,
1335 965 1368 995 &
1383 962 1416 993 ad
1434 961 1563 992 nostram
1578 958 1830 997 presentationem,
1849 967 1885 987 eo
1900 957 1979 995 quod
1995 958 2112 987 Thomas
2131 961 2206 988 Bar-

1142 1003 1199 1034 low
1214 1003 1349 1042 Armiger
1363 1011 1421 1032 non
1438 999 1479 1030 est
1493 1008 1617 1036 compos
1633 998 1753 1034 meritiS,
1772 996 1817 1026 sed
1834 995 1934 1026 lucidis
1956 996 2058 1036 gaudet
2075 997 2207 1027 interval-

1144 1043 1192 1080 lis,
1211 1051 1265 1079 pro
1279 1041 1333 1071 hac
1349 1041 1414 1071 vice
1427 1038 1621 1077 spectantem3
1641 1035 1680 1066 Et
1694 1036 1852 1075 diriguntur
1865 1035 1902 1065 he
1913 1034 2010 1066 Litere
2033 1034 2210 1065 Reverendo

1142 1083 1174 1150 ίὲ
1190 1079 1310 1148 Christo
1325 1079 1400 1110 Patri
1417 1087 1452 1108 ac
1468 1076 1604 1107 Domino
1619 1073 1767 1112 Gulielmo,
1785 1072 1969 1111 permissione
1979 1073 2077 1105 divina
2092 1073 2209 1104 London

1193 1129 1200 1148 l
1213 1129 1251 1148 CO
1271 1128 1300 1147 0.

1173 1128 1273 1188 pTestFe
1285 1155 1369 1195 Rege
1381 1153 1458 1192 apud
1477 1150 1755 1192 Weslmonasterium,
1772 1152 1857 1183 tertio
1874 1150 1922 1182 die
1937 1151 2073 1183 oe‘t'obris.

1619 1230 1673 1258 Per
1692 1230 1788 1259 Breve
1807 1229 1840 1259 de
1859 1230 1980 1260 Privato
1997 1228 2101 1267 Sigillo.

1181 1309 1331 1341 Richardus
1349 1305 1467 1348 Milefim
1484 1330 1493 1351 ,
1513 1305 1661 1343 Clericus,
1686 1303 1724 1335 A.
1741 1303 1788 1335 M.
1806 1305 1895 1336 habet
1917 1305 2076 1337 consimiles
2101 1305 2212 1340 Literas
2269 1324 2304 1352 ²5

1145 1351 1278 1382 Parentes
1296 1349 1331 1378 de
1347 1348 1551 1386 presentatione
1575 1344 1610 1374 ad
1633 1343 1803 1374 Rectoriam
1827 1344 1952 1376 Ecelefie
1978 1345 2147 1382 parochialis
2173 1346 2211 1377 de
2308 1336 2316 1343 ⁸

1146 1388 1253 1418 Beccles
1266 1388 1331 1418 alias
1345 1384 1514 1424 Beancliffe,
1532 1383 1664 1414 Diocefis
1679 1382 1878 1421 Norwicenfis,
1892 1383 1951 1419 jam
1965 1393 2015 1421 per
2031 1392 2157 1414 mortem
2166 1384 2210 1414 ul-

1146 1429 1211 1459 timi
1224 1426 1421 1457 Incumbentis
1433 1423 1541 1454 ibidem
1558 1430 1719 1458 vacantem,
1729 1422 1762 1452 &
1777 1421 1811 1451 ad
1827 1420 1956 1451 nostram
1970 1421 2208 1459 presentationem

1148 1467 1258 1497 ratione
1274 1465 1389 1495 minoris
1403 1462 1482 1493 etatis
1496 1463 1618 1498 Brigitte
1625 1458 1759 1498 Comitiffe
1766 1459 1987 1498 Desmond‚sive
2001 1469 2051 1498 per
2063 1459 2214 1492 defeeturn

1147 1505 1322 1535 liberationis
1341 1502 1405 1532 inde
1423 1501 1532 1544 sumpte
1540 1522 1549 1538 ,
1550 1508 1620 1568 <pro
1639 1499 1691 1529 hac
1710 1500 1775 1529 vice
1792 1498 1985 1537 spedhanrem,
2010 1497 2050 1528 Et
2067 1497 2215 1537 dirigunut

1146 1544 1185 1574 he
1202 1543 1296 1573 Litere
1314 1539 1489 1572 Reverendo
1502 1547 1533 1568 in
1582 1537 1670 1567 hristo
1684 1536 1762 1567 Patri
1783 1546 1817 1566 ac
1833 1536 1987 1575 Domino,
2005 1536 2143 1568 Domino
2165 1539 2217 1568 Ri-

1147 1582 1266 1619 chardo,
1284 1579 1468 1620 permissione
1482 1576 1580 1608 divin'a
1594 1573 1768 1615 Norwicenfi
1782 1574 1938 1613 Episcopo.

1184 1620 1272 1652 Teste
1290 1619 1372 1658 Rege
1387 1617 1462 1656 apud
1477 1614 1752 1656 Westmonasterium,
1769 1613 1915 1645 tricesimo
1931 1613 1979 1645 die
1996 1612 2169 1652 Septembris.

1636 1696 1690 1724 Per
1705 1697 1800 1726 Breve
1817 1695 1850 1724 de
1866 1697 1992 1725 Privato
2010 1693 2112 1732 sigillo.

1187 1777 1355 1820 Alexander
1371 1773 1557 1817 Levingston,
1575 1772 1726 1811 Clericus,
1743 1771 1772 1803 S.
1784 1772 1826 1803 T.
1841 1771 1872 1803 Β.
1887 1772 1974 1803 habet
1988 1769 2099 1803 Literas
2113 1771 2217 1805 Paten-
2275 1785 2320 1818 ²4*

1149 1825 1189 1848 tes
1215 1817 1252 1847 de
1275 1817 1476 1855 presentatione
1489 1814 1524 1845 ad
1546 1813 1713 1844 Redioriam
1733 1811 1900 1849 parochialis
1919 1811 1955 1841 de
1973 1809 2136 1848 Collingtree
2154 1813 2219 1844 alias
2313 1802 2320 1810 ⁸

1149 1855 1372 1893 Collingtrough,
1388 1856 1417 1885 in
1434 1853 1586 1883 Comitatu
1599 1850 1846 1889 Northamptonie,
1871 1849 2005 1881 Diocefis
2020 1850 2216 1887 Petriburgen.

1140 1894 1198 1934 fis,
1216 1903 1265 1933 per
1281 1903 1406 1924 mortem
1422 1893 1513 1922 ultimi
1530 1891 1729 1921 Incumbentis
1746 1888 1855 1919 ibidem
1866 1890 1928 1926 jam
1944 1895 2112 1925 vacantem,
2132 1890 2165 1919 &
2181 1890 2219 1921 ad

1149 1932 1278 1963 nostram
1302 1932 1541 1971 presentationem
1565 1931 1675 1959 ratione
1700 1929 1819 1958 minoris
1845 1928 1924 1958 etatis
1941 1925 2080 1965 Francfii
2098 1929 2217 1967 Harvey

1151 1972 1298 2009 Armigeri
1317 1972 1382 2010 (pro
1399 1970 1451 2000 hac
1469 1970 1532 1999 vice
1546 1967 1735 2007 spectantem,
1762 1965 1801 1997 Et
1815 1965 1973 2004 diriguntur
1989 1965 2025 1994 he
2042 1966 2138 1996 Litere
2155 1965 2219 1997 Re-

1150 2012 1277 2053 verendo
1292 2011 1321 2040 in
1337 2007 1460 2040 Christo
1474 2008 1549 2037 Patri
1558 2016 1590 2036 ac
1602 2006 1756 2043 Domino,
1776 2004 1912 2035 Domino
1922 2002 2079 2042 Francifio,
2097 2004 2217 2042 permis-

1150 2053 1227 2080 sione
1244 2048 1345 2079 divina
1361 2047 1539 2083 Petriburgen
1550 2055 1558 2071 1
1574 2044 1734 2082 Episcopo.

1147 2127 1162 2157 b
1183 2087 1273 2134 Teste
1290 2087 1373 2126 Rege
1391 2086 1465 2124 apud
1482 2086 1530 2114 We
1554 2083 1761 2123 monasterium,
1779 2081 1896 2113 decimo
1910 2081 2019 2113 odiavo
2035 2080 2082 2112 die
2098 2085 2218 2120 Septem-

1164 2137 1210 2156 ris.

1635 2162 1689 2190 Per
1709 2162 1800 2190 Breve
1819 2159 1851 2189 de
1870 2161 1993 2190 Privato
2011 2158 2116 2197 Sigillo-

1183 2245 1312 2280 Georgius
1326 2238 1502 2278 Anglionby,
1520 2239 1550 2269 S.
1565 2237 1607 2268 T.
1621 2236 1653 2268 B.
1672 2237 1758 2279 habet
1774 2236 1936 2267 consimiles
1961 2236 2071 2267 Literas
2087 2236 2219 2269 Parentes
2278 2234 2324 2269 ²33

1150 2282 1186 2312 de
1204 2282 1408 2319 presentatione
1423 2279 1456 2307 ad
1472 2277 1689 2307 Canonicatum
1708 2280 1765 2305 live
1782 2275 1960 2306 Prebendam
1971 2275 2065 2314 illam,
2080 2275 2218 2307 infraEc-

1149 2322 1263 2351 cleliam
1276 2319 1400 2349 nostram
1415 2316 1610 2353 Collegiitam
1625 2315 1718 2344 Sanrfli
1733 2316 1812 2343 Petri
1829 2313 2048 2352 Westmonasterii
2060 2323 2125 2352 ,per
2139 2324 2218 2345 mor.

1150 2369 1210 2390 tem
1229 2358 1381 2388 naturalem
1395 2355 1538 2395 Johannis
1556 2356 1649 2391 King,
1664 2352 1692 2382 S.
1708 2352 1747 2382 T.
1764 2353 1796 2383 P.
1810 2353 1901 2383 ultinii
1920 2353 2100 2383 l'rebendarii
2111 2354 2218 2384 ibidem

1148 2400 1207 2438 jam
1224 2406 1374 2428 vacantem
1385 2419 1392 2431 ,
1412 2396 1443 2425 &
1460 2396 1492 2424 ail
1510 2392 1637 2423 nostram
1652 2391 1847 2422 Collationem
1862 2393 1896 2422 &
1913 2391 2030 2421 liberarii
2048 2391 2220 2431 Dispositio-

1154 2446 1223 2467 nem
1239 2436 1327 2473 pleno
1345 2435 1405 2472 jure
1424 2432 1607 2470 spectantem.

1167 2496 1169 2498 -
1189 2474 1279 2506 Teste
1291 2473 1378 2511 Rege
1392 2482 1426 2508 ap
1439 2471 1465 2502 id
1478 2468 1741 2509 itt-thnonasterium
1750 2491 1759 2506 ,
1776 2468 1854 2499 serito
1867 2468 1913 2499 die
1926 2468 2100 2508 Septembris.

1650 2549 1700 2576 ‘Ur
1718 2549 1812 2576 Breve
1829 2546 1862 2575 de
1881 2548 2001 2576 Privato
2016 2546 2118 2585 Sigillo-

1190 2627 1315 2660 Michael
1327 2627 1423 2664 Read,
1442 2625 1472 2656 S.
1488 2624 1530 2656 T.
1542 2625 1576 2656 P.
1595 2624 1683 2655 habet
1700 2625 1809 2655 Literas
1824 2622 1954 2654 Parentes
1968 2623 2003 2653 de
2017 2623 2221 2660 presentatione
2278 2630 2324 2657 22'

1147 2668 1182 2699 ad
1200 2669 1369 2698 Rec‘toriam
1386 2664 1515 2696 Ecclefie
1530 2664 1699 2701 parochialis
1718 2663 1753 2692 de
1770 2661 1911 2690 Polbrackv
1930 2674 1956 2691 in
1975 2662 2107 2692 Diocesis
2126 2664 2218 2691 Petri·
2317 2651 2323 2658 ⁵

1148 2706 1287 2747 burgenfi‚
1306 2708 1339 2737 ὃς
1355 2704 1508 2735 Provincia
1524 2700 1744 2740 cantuariensis,
1761 2709 1809 2738 per
1828 2709 1955 2729 moriem
1973 2700 2126 2730 naiuri'iriii
2150 2699 2211 2729 ulti-

1150 2748 1191 2777 mi
1213 2744 1410 2775 Incumbentis
1427 2742 1536 2771 ibidem
1554 2742 1610 2778 jam
1627 2748 1795 2775 vacantem,
1811 2739 1844 2768 ὃ(
1863 2737 1899 2767 ad
1920 2736 2047 2768 nostram
2069 2736 2217 2767 Donatio-

1149 2794 1217 2815 nem
1233 2784 1288 2813 sive
1306 2781 1562 2819 presentationem,
1581 2779 1689 2808 ratione
1706 2776 1860 2807 vacationis
1871 2775 2083 2814 Petriburgenfis
2097 2775 2217 2813 Episco-

1149 2831 1247 2863 patuS,
1266 2831 1318 2859 pro
1331 2820 1386 2849 hac
1403 2819 1467 2848 vice
1481 2818 1677 2854 spesiantem3
1715 2815 1754 2846 Et
1768 2815 1926 2851 diriguntur
1948 2814 1986 2844 he
2007 2814 2102 2844 Litere
2117 2814 2216 2844 Reve-

1150 2859 1317 2892 rendissimo
1340 2859 1367 2887 in
1389 2855 1508 2886 Christo
1524 2856 1600 2886 Patri
1615 2864 1648 2885 ac
1666 2853 1801 2884 Domino
1809 2851 1960 2891 Gulielmo,
1978 2852 2162 2891 permissione
2175 2853 2220 2883 di-

1150 2898 1218 2931 vina
1233 2894 1424 2934 cantuariensi
1436 2893 1681 2931 Archiepiscopo,
1700 2889 1763 2926 &a

1189 2936 1281 2968 Teste
1294 2935 1378 2974 Rege
1394 2932 1470 2972 apud
1487 2930 1768 2972 Wstmonaslerium,
1792 2929 1909 2962 decimo
1929 2929 2052 2969 septimo
2069 2930 2115 2962 die
2137 2929 2222 2960 0610-

1153 2977 1219 3007 ὂψ.
1638 3011 1693 3039 Per
1712 3010 1806 3038 Breve
1821 3006 1855 3036 de
1872 3008 1995 3037 Privato
2013 3005 2114 3045 Sigillo.

1194 3090 1359 3121 Willielmus
1375 3087 1531 3127 Heywood,
1541 3085 1616 3118 S.T.
1626 3085 1739 3116 eunus
1749 3083 1973 3122 Capellanorum
1987 3083 2079 3119 Regis
2096 3081 2222 3112 Ordina-
2277 3087 2323 3114 213

1156 3132 1277 3167 riorum,
1285 3130 1370 3159 habet
1381 3128 1489 3158 Literas
1498 3127 1628 3158 Patentes
1642 3124 1678 3154 de
1696 3123 1901 3163 presentatione
1911 3122 1946 3152 ad
1959 3121 2171 3152 Ciiiionicatum
2188 3120 2222 3150 si-
2321 3119 2323 3122 ⁴

1156 3180 1192 3199 ve
1203 3168 1380 3200 prebendam
1390 3165 1550 3203 illam,infra
1561 3162 1719 3195 Ecclesiam
1735 3161 1861 3192 nostram
1871 3160 2060 3196 Collegiatam
2068 3159 2164 3188 sandi
2173 3160 2225 3187 Pe-

1158 3212 1197 3237 tri
1212 3204 1456 3244 Westmonasterii,
1477 3214 1526 3242 per
1542 3211 1667 3233 mortem
1683 3199 1840 3231 naturalem
1854 3197 1992 3227 Gabrielis
2008 3199 2101 3226 Grani*
2111 3219 2120 3234 ,
2143 3196 2172 3226 S.
2181 3196 2223 3227 T,

1159 3245 1192 3275 P.
1211 3246 1305 3276 ultimi
1324 3243 1471 3274 Canonici
1488 3243 1543 3272 live
1561 3238 1739 3270 l¹rebendarii
1755 3238 1863 3267 ibidem
1876 3237 1935 3273 jam
1952 3244 2100 3265 vacantem
2138 3235 2172 3264 δε
2184 3235 2221 3266 ad

1159 3283 1287 3314 nostram
1304 3282 1503 3314 Collationem
1518 3282 1552 3312 &
1566 3279 1687 3310 liberam
1700 3275 1912 3314 dispositionem
1924 3272 2011 3311 pleno
2022 3273 2086 3311 jure
2094 3258 2225 3312 specstan-

1161 3331 1289 3390 terYTEste
1304 3359 1387 3398 Rege
1408 3357 1484 3397 apud
1501 3351 1780 3395 Wcstmonasterium,
1805 3349 1942 3382 vicesimo
1962 3349 2070 3381 oetavo
2088 3349 2134 3381 die
2156 3352 2223 3381 Au-

1158 3397 1238 3437 gust¹·
1640 3430 1697 3476 ¹Pcr
1717 3429 1810 3457 Breve
1828 3426 1860 3456 de
1879 3429 2003 3457 Privato
2021 3425 2122 3465 sigillo.

1197 3515 1308 3546 Samuel
1327 3515 1437 3551 Baker,
1455 3511 1604 3553 Clericus,
1629 3507 1659 3538 S.
1679 3507 1719 3537 T.
1737 3507 1771 3537 P.
1791 3507 1876 3538 habet
1901 3506 2010 3538 Literas
2037 3507 2170 3538 Patentes
2188 3505 2226 3537 de

1162 3555 1365 3592 presentatione
1380 3553 1415 3582 ad
1432 3551 1644 3581 Canonicatum
1660 3545 1717 3576 five
1740 3545 1918 3577 Picbendam
1932 3546 2026 3584 illam,
2044 3546 2075 3575 in
2097 3545 2227 3576 Ecclesia

1162 3592 1256 3622 nostra
1270 3592 1428 3629 Collegiata
1442 3589 1497 3618 sive
1513 3587 1601 3616 libera
1618 3584 1737 3620 Capella
1753 3584 1845 3615 nostra
1866 3583 1961 3622 Regia
1981 3584 2079 3613 Sanft‘i
2102 3586 2229 3622 Georgii,

1162 3631 1232 3661 infra
1247 3629 1379 3660 Castrum
1393 3626 1522 3658 nostrum
1538 3624 1573 3654 de
1589 3623 1715 3661 Windfhr
1731 3645 1740 3659 ,
1751 3633 1798 3660 per
1809 3631 1934 3653 mortem
1947 3621 2103 3652 naturalem
2110 3621 2230 3660 Johan-

1164 3672 1207 3699 nis
1222 3671 1296 3705 King
1311 3667 1449 3701 senioris,
1468 3663 1498 3693 S.
1514 3662 1556 3692 T.
1570 3661 1602 3691 P.
1618 3661 1709 3691 ultimi
1726 3662 1871 3691 Canonici
1896 3661 1952 3691 sive
1969 3659 2152 3690 Prebendarii
2169 3661 2226 3689 ibi-

1165 3707 1233 3736 dem
1246 3708 1301 3744 jam
1317 3712 1484 3739 vacantem,
1502 3701 1534 3732 &
1549 3700 1583 3730 ad
1602 3698 1726 3730 nostram
1739 3700 1935 3730 Collationem
1951 3700 1984 3730 &
2000 3698 2119 3729 liberam
2135 3697 2229 3736 dispo-

1166 3745 1299 3775 fitionem
1313 3743 1398 3780 pleno
1409 3742 1473 3780 jure
1486 3738 1667 3777 specstantem.

1204 3781 1295 3812 Teste
1315 3781 1399 3817 Rege
1419 3779 1493 3816 apud
1513 3776 1772 3816 Wstmonasterium
1786 3799 1796 3814 ‚
1818 3775 1957 3808 vicesimo
1978 3773 2085 3805 octavo
2105 3773 2152 3806 die
2164 3776 2231 3805 Au·

1163 3819 1242 3859 gusti.

2287 3537 2334 3555 20.

1646 3854 1701 3882 Per
1719 3855 1812 3882 Breve
1831 3851 1864 3881 de
1884 3853 2006 3880 Privato
2024 3850 2124 3888 Sigillo.

1203 3932 1352 3963 Gulielmus
1364 3930 1510 3971 Dawfim‚
1529 3930 1677 3966 Clericus,
1695 3928 1783 3958 habet
1800 3927 1905 3957 Literas
1918 3926 2047 3958 Patentes
2066 3929 2103 3960 de
2117 3929 2232 3967 presen-
2296 3948 2307 3967 1

1166 3974 1271 4003 tatione
1289 3971 1322 4000 ad
1343 3971 1511 4001 Rectoriam
1529 3968 1657 3998 Ecclesie
1671 3967 1837 4004 parochialis
1850 3967 1944 3994 SanHi
1960 3967 1979 3985 ²¹*
1992 3966 2137 3997 Michaelis
2150 3970 2231 3997 Mus·
2250 3979 2265 3996 ο
2282 3949 2340 4005 χ9”

1167 4011 1246 4040 borne
1257 4033 1266 4047 ,
1281 4009 1343 4039 alias
1355 4010 1390 4038 ad
1404 4008 1511 4038 Placita
1520 4007 1548 4035 in
1569 4005 1698 4036 Civitate
1714 4007 1856 4041 Norwici,
1874 4003 2003 4036 Diocefis
2015 4007 2154 4036 Norwisi,
2176 4006 2231 4034 'am
2314 3979 2350 4008 x'

1167 4057 1331 4086 vacantem,
1349 4048 1382 4080 &
1397 4047 1432 4078 ad
1448 4045 1574 4077 nostram
1583 4044 1819 4084 presentationem
1837 4043 1946 4074 ratione
1960 4045 2126 4076 minoritatis
2138 4048 2166 4074 T
2181 4053 2237 4072 ome
2259 4026 2311 4054 333
2317 4037 2324 4045 '

2178 4083 2246 4113 Cor-
