2561 4263
138 1858 237 1890 *XX-

140 1907 205 1937 395·

876 138 991 180 ET
1074 135 1348 181 ACTA

142 223 280 302 allln‘ri.9D.
299 225 492 265 spectantem3
527 223 567 255 Et
589 222 753 262 diriguntur
778 222 815 254 he
834 223 930 256 Litere
952 224 1102 265 Goffrido,
1118 224 1278 264 Gloucestrie
1294 224 1365 263 Epi-

204 273 219 304 3
248 288 255 295 .

140 305 184 329 Aa
215 312 257 338 ¹5·

140 345 206 369 Car.
224 350 250 370 ι.

298 266 425 336 sc‘'{IHtce’ste
441 302 523 342 Rege
540 299 614 340 apud
630 300 777 341 Canbury,
797 300 921 333 secundo
939 302 985 333 die
1003 302 1137 332 Odobris.

332 378 448 410 Thomas
466 376 601 415 Dayrell,
619 377 772 416 Clericus,
797 378 834 411 A.
853 379 899 410 M.
920 379 955 410 ad
973 379 1143 411 Rectoriam
1159 377 1196 409 tie
1213 376 1360 418 Efington,

294 417 427 449 Diocefis
443 419 567 454 Oxonie,
589 426 638 454 per
658 416 827 448 Ceffionem
846 419 941 448 ultimi
963 418 1159 448 Incumbentis
1174 418 1281 447 ibidem
1305 419 1359 455 jam

292 464 442 486 vacantem
458 476 469 493 ‚
489 455 523 485 &
548 454 583 485 ad
607 454 735 486 nostram
758 456 1013 494 presentationem,
1037 458 1145 487 ratione
1169 455 1361 493 Suspeniionis

291 494 451 533 Johannir‚
472 492 615 523 Lincolnie
635 493 786 533 Episcopi,
803 495 855 526 hac
871 495 935 526 vice
953 495 1145 533 speetantem3
1181 494 1218 525 Et
1236 495 1360 533 dirigun-

296 543 343 564 tur
357 533 394 562 he
411 532 505 563 Litere
517 531 664 571 Johanni,
684 536 790 563 Oxonie
804 533 957 572 Episcopo.

331 569 422 601 Teste
437 570 520 610 Rege
532 570 606 608 apud
620 570 766 611 Canbury,
784 572 909 604 secundo
925 573 971 603 die
988 571 1121 602 odobris.

333 647 442 679 Daniel
455 650 574 685 Donne,
592 646 735 686 Clericus,
751 648 787 679 A.
806 647 852 679 M.
874 649 909 680 ad
926 648 1099 682 Rectoriam
1115 648 1150 679 de
1159 648 1252 687 Castor
1262 647 1362 677 SanHe

296 688 465 724 Trinitatis,
480 695 551 716 cum
577 685 715 716 Rectoria
737 686 772 718 de
798 687 890 726 Castor
913 690 1009 718 santii
1034 688 1172 717 Edmuna'i
1192 688 1271 725 quta
1294 689 1362 715 Yar-

293 725 387 756 mouth
403 724 525 763 annexa,
543 724 674 755 Diocefis
689 727 888 767 Norwicenfis,
904 727 967 764 jam
984 727 1119 765 legittime
1137 727 1170 756 &
1188 726 1223 755 de
1232 725 1295 761 jure
1311 736 1359 754 va-

292 773 423 802 cantem,
450 765 483 794 &
502 763 537 793 ad
558 762 684 794 nostram
711 765 948 801 presentationem
972 775 1022 801 per
1042 765 1208 800 pravitatem
1229 763 1362 795 Simonie

292 803 351 834 five
368 813 418 841 per
435 801 539 838 lapsum
558 803 697 839 temporis
715 804 768 834 hac
785 804 849 835 vice
864 804 1056 840 spectantem,
1091 801 1128 832 Et
1148 802 1305 839 diriguntur
1322 802 1361 833 he

295 841 394 873 Litere
406 840 561 878 Rx'chardo,
581 842 751 880 Norwicenfi
763 842 916 879 Episcopo.

330 879 422 911 Teste
443 879 527 917 Rege
544 880 618 918 apud
634 880 773 918 Canburw,
794 880 934 911 vicefimo
950 878 1057 910 octavo
1074 876 1120 909 die
1137 878 1306 916 Septembris.

333 957 484 997 Johannes
504 962 631 995 Barton,
650 957 798 994 Clericus,
817 955 854 985 A.
875 954 923 986 M.
940 955 974 985 ad
995 955 1138 986 Vicariam
1162 953 1289 986 Ecclefie
1306 956 1362 987 Pa-

294 997 431 1028 rochialis
453 998 490 1028 de
513 995 679 1036 Pattifhall,
695 1005 730 1025 ex
745 1004 800 1025 una
817 1003 894 1031 parte
914 993 1043 1024 Diocefis
1062 993 1272 1035 Petriburgenfis
1283 1018 1293 1033 ,
1311 1005 1361 1034 per

295 1035 531 1075 Resignationem
550 1035 643 1066 ultimi
665 1033 865 1063 incumbentis
879 1032 987 1062 ibidem
1004 1032 1062 1069 jam
1085 1041 1234 1064 vacantem
1247 1055 1256 1070 ,
1276 1036 1308 1065 &
1328 1034 1363 1064 ad

295 1074 425 1106 nostram
448 1075 685 1114 presentationem
710 1071 798 1108 pleno
815 1071 878 1108 jure
900 1070 1101 1112 speetantem,
1139 1070 1176 1101 Et
1203 1071 1364 1110 diriguntur

295 1115 334 1144 he
354 1114 451 1144 Litere
467 1113 615 1152 Johanni,
634 1108 836 1148 Petriburgenfi
851 1108 1006 1146 Epiicopo.

332 1151 424 1183 Teste
443 1151 524 1191 Rege
539 1151 613 1188 apud
628 1147 888 1187 Wstmonasterium
898 1170 907 1185 ,
925 1148 1032 1179 ottavo
1048 1146 1094 1178 die
1107 1146 1240 1179 Ollobris.

335 1227 500 1258 Willielmus
519 1225 622 1264 Halls,
639 1224 789 1264 Clericus,
809 1224 846 1255 A.
863 1223 912 1254 M.
927 1224 962 1256 ad
985 1223 1155 1255 Retioriam
1171 1225 1207 1256 de
1222 1225 1364 1265 Glaiston,

294 1267 427 1298 Diocefis
448 1264 660 1303 Petriburgenfis
674 1286 684 1302 ,
705 1264 766 1301 jam
792 1264 927 1302 legittime
946 1263 979 1293 δεῖ
998 1264 1034 1293 de
1049 1264 1110 1301 jure
1128 1272 1277 1295 vacantem
1293 1287 1302 1302 ,
1331 1267 1364 1295 ὅς

293 1307 329 1338 ad
352 1304 479 1337 nostram
500 1304 734 1342 presentationem
757 1312 805 1341 per
821 1304 990 1342 pravitatem
1005 1303 1155 1340 Simonie,
1173 1304 1228 1334 five
1243 1313 1291 1341 per
1305 1304 1364 1343 lap-

293 1346 355 1376 sum
376 1345 534 1382 temporis,
551 1343 608 1373 five
627 1342 683 1372 alio
702 1351 879 1379 quocunque
904 1340 997 1370 modo
1020 1342 1074 1371 hac
1094 1342 1158 1372 vice
1171 1342 1363 1381 spectantem,

292 1384 332 1416 Et
347 1383 508 1421 diriguntur
525 1382 563 1413 he
584 1381 682 1412 Litere
694 1380 838 1418 Johanni,
856 1379 1058 1419 Petrihurgenfi
1071 1379 1229 1418 Episcopo.

333 1422 424 1454 Teste
439 1421 519 1461 Rege
533 1420 606 1459 apud
622 1418 882 1460 Wstmonasterium
891 1441 901 1456 ,
916 1418 1038 1456 septimo
1051 1418 1097 1448 die
1112 1419 1247 1449 oaobris.

332 1498 484 1539 Johannes
502 1498 631 1535 Gordon,
649 1497 797 1533 Clericus,
817 1494 854 1525 A.
874 1493 922 1525 M.
942 1495 976 1525 ad
997 1494 1169 1525 Rectoriam
1190 1495 1226 1525 de
1239 1494 1364 1524 Northo-

290 1549 349 1576 ve,
367 1538 500 1569 Diocesis
513 1535 707 1574 Norwicenfi5‚
726 1544 775 1571 per
791 1542 918 1564 mortem
936 1534 1027 1563 ultimi
1044 1533 1241 1564 incumbentis
1255 1534 1365 1563 ibidem

290 1578 353 1615 jam
370 1584 539 1612 vacantem,
556 1576 590 1606 ὃς
609 1574 644 1605 ad
661 1573 788 1603 nostram
808 1571 1044 1608 presentationem
1060 1571 1146 1609 pleno
1156 1572 1218 1609 jure
1236 1571 1363 1609 specstan-

293 1625 354 1647 tem
367 1627 379 1654 ;
415 1614 454 1644 Et
469 1613 627 1652 diriguntur
642 1613 678 1642 he
692 1611 790 1641 Litere
807 1609 963 1648 Richardo,
983 1610 1155 1649 Norwicenfi
1169 1610 1324 1650 Episcopo.

330 1652 422 1686 Teste
437 1651 524 1690 Rege
546 1651 622 1689 apud
638 1648 911 1689 westmonasterium,
927 1648 1046 1679 decimo
1062 1648 1110 1681 die
1129 1649 1262 1680 Ollobris.

329 1731 463 1759 Henricus
484 1729 601 1767 wyte,
622 1727 771 1764 Clericus,
793 1725 829 1757 A.
848 1724 896 1756 M.
918 1725 953 1756 ad
969 1724 1140 1756 Rectoriam
1157 1725 1192 1756 de
1207 1725 1322 1766 Asford
1333 1737 1362 1756 a-

291 1769 340 1800 lias
354 1766 523 1806 Alresford‚
541 1766 673 1797 Diocefis
695 1765 828 1802 Lond0n‚
847 1764 909 1802 jam
928 1764 1068 1802 legittime
1085 1765 1118 1795 ὅτ
1131 1764 1166 1795 de
1178 1766 1241 1804 jure
1257 1776 1362 1796 vacan-

289 1817 372 1845 tem,
385 1807 419 1838 &
437 1806 473 1837 ad
489 1804 617 1836 nostram
633 1804 871 1842 presentationem
887 1812 935 1839 per
956 1803 1061 1840 lapsum
1081 1805 1220 1842 temporis
1238 1804 1295 1834 five
1311 1815 1358 1842 per

290 1848 457 1885 pravitatem
475 1844 605 1874 Simonie
625 1844 680 1874 hac
696 1843 764 1872 vice
779 1840 970 1880 specstantem3
997 1841 1016 1862 ²*
1036 1841 1074 1873 Et
1089 1842 1245 1881 diriguntur
1260 1844 1296 1873 he
1314 1843 1362 1873 Li-

290 1895 349 1918 tere
366 1882 525 1920 Willielmo,
543 1882 662 1912 London
678 1880 834 1919 Episcopo.

327 1921 419 1955 Teste
435 1921 522 1961 Rege
538 1921 614 1959 apud
632 1918 909 1959 Wlbmonasterium‚
926 1916 1043 1950 decimo
1059 1919 1105 1950 die
1121 1919 1257 1951 octobris.

333 1999 468 2031 Andreas
487 1998 581 2036 Read,
605 1996 754 2035 Clericus,
779 1996 810 2027 S.
831 1995 872 2025 T.
888 1995 922 2025 P.
940 1996 975 2027 ad
992 1996 1160 2027 Redtoriam
1180 1997 1215 2028 de
1234 2000 1317 2037 Ryme
1333 2008 1364 2029 a·

292 2038 342 2070 lias
362 2042 445 2077 Ryme
466 2036 643 2075 Intrinsb'ca,
662 2035 795 2066 Diocefis
811 2033 930 2073 Bristol,
950 2045 999 2073 per
1015 2035 1250 2075 Resignationem
1268 2037 1362 2066 ultimi

293 2077 494 2109 Incumbentis
506 2076 611 2107 ibidem
624 2075 686 2113 jam
701 2082 871 2111 vacantem,
886 2074 919 2104 δε
936 2075 970 2103 ad
988 2073 1114 2104 nostram
1131 2075 1364 2111 presentationem

315 2117 381 2161 leno
401 2116 466 2154 jure
484 2114 677 2152 spectantem,
713 2112 751 2148 Et
776 2113 936 2150 diriguntur
952 2112 988 2143 he
1003 2112 1100 2144 Litere
1113 2113 1250 2152 Roberto‚
1264 2112 1369 2153 Brtstol

324 2155 529 2232 l3Ts(e:i)'t1<)÷o'Rege
542 2191 617 2230 apud
632 2190 909 2231 Wstmonalberium,
929 2190 1048 2221 decimo
1062 2190 1110 2221 die
1127 2190 1261 2222 Oc‘iobris.

333 2271 458 2311 Jacohus
486 2268 646 2307 Northan,
673 2268 800 2300 Clericus
815 2291 824 2307 ,
853 2267 888 2298 ad
904 2267 1049 2298 Vicariam
1075 2267 1111 2299 de
1132 2268 1264 2310 Wragby,
1288 2267 1366 2298 Dio-

293 2311 364 2342 cesis
384 2309 540 2346 Lincolm‘e,
553 2310 614 2346 jam
627 2316 794 2345 vacantem,
812 2308 846 2339 &
864 2306 898 2337 ad
917 2306 1044 2337 nostram
1065 2306 1296 2343 presentationem
1316 2317 1364 2343 per

296 2350 403 2387 lapsum
422 2350 557 2385 temporis
579 2348 634 2377 hac
652 2348 716 2377 vice
734 2346 928 2384 spediantetm
966 2345 1005 2376 Et
1023 2346 1185 2382 diriguntur
1204 2346 1240 2376 he
1267 2346 1365 2379 Litere

297 2393 333 2417 W
337 2387 446 2418 illielmo
453 2410 464 2425 ,
481 2385 675 2426 cantuariensi
695 2385 922 2423 Archiepiscopo
934 2406 943 2422 ‚
961 2384 1021 2420 ὠς.
1041 2386 1150 2415 ratione
1171 2385 1365 2424 Suspenfionis

295 2426 433 2466 Episcopi
451 2425 602 2455 Lincolnie.

334 2465 425 2498 Teste
443 2463 529 2503 Rege
545 2463 622 2503 apud
641 2462 785 2501 Canbury‚
804 2462 931 2493 secundo
946 2462 993 2494 die
1009 2461 1144 2492 oaobris.

338 2541 486 2582 Johannes
507 2540 599 2582 Kidby
612 2563 623 2578 ,
645 2539 793 2577 Clericus,
813 2539 850 2570 A.
870 2539 916 2570 M.
949 2539 984 2569 ad
1003 2538 1147 2570 Vicariam
1169 2539 1204 2569 de
1224 2539 1364 2578 Kirkeby‚

299 2579 433 2612 Diocefis
456 2580 588 2617 London,
604 2580 665 2617 jam
689 2578 826 2615 legittime
840 2579 874 2609 &
889 2578 924 2608 de
936 2578 1000 2616 jure
1014 2587 1180 2615 vacantem,
1197 2579 1231 2609 ὃς
1252 2579 1286 2608 ad
1309 2589 1365 2608 no-

295 2619 384 2651 stram
408 2619 644 2657 presentationem
672 2626 720 2653 per
745 2616 853 2654 lapsum
880 2617 1019 2656 temporis
1041 2615 1097 2646 five
1120 2626 1170 2654 per
1196 2618 1364 2653 pravitatem

295 2658 427 2690 Simonie
444 2658 498 2688 hac
517 2658 581 2688 vice
607 2656 778 2693 spectantem
797 2666 808 2694 3
842 2653 882 2685 Et
903 2654 1063 2694 diriguntur
1078 2655 1114 2684 he
1132 2654 1230 2685 Litere
1247 2660 1280 2684 W
1285 2654 1366 2685 illrel-

295 2708 353 2734 mo,
374 2697 492 2726 London
511 2695 661 2733 Episcopo.

332 2735 424 2767 Teste
440 2735 524 2773 Rege
536 2733 612 2772 apud
626 2731 882 2772 Westmonasterium
892 2755 901 2770 ,
919 2732 1038 2763 decimo
1053 2731 1130 2763 seitto
1144 2731 1190 2763 die
1206 2731 1340 2762 ornaris.

1439 225 1583 254 Antonius
1601 228 1737 262 Morgan,
1755 223 1786 254 S.
1804 222 1847 254 T.
1865 222 1900 254 P.
1918 221 1952 253 ad
1971 220 2140 252 Rec'toriam
2158 221 2195 252 de
2212 222 2368 264 Haselbich,
2387 227 2465 258 Dio·
2486 226 2561 259 Anu.

1402 264 1469 291 celis
1483 263 1710 301 Petriburgensts,
1725 265 1784 301 jam
1801 262 1940 300 legittime
1953 261 1988 292 &
2004 260 2039 290 de
2051 261 2113 298 Jure
2124 269 2275 303 vacantem
2287 285 2294 298 ,
2313 264 2344 292 ὃς
2360 266 2392 295 ad
2410 277 2463 297 no-
2503 268 2556 306 163

1401 298 1484 329 stram
1508 302 1746 338 presentationem
1764 311 1815 339 per
1832 300 2001 339 pravitatem
2025 298 2155 329 Simonie
2171 322 2180 337 ,
2205 302 2260 329 live
2284 310 2332 339 per
2353 302 2460 340 lapsum
2479 309 2533 334 An.
2553 317 2561 333 ι

1400 341 1548 376 temporis,
1569 340 1612 370 vei
1638 340 1692 370 alio
1709 348 1885 376 quocunque
1900 338 1991 368 modo
2005 337 2057 368 hac
2074 339 2138 368 vice
2152 337 2324 376 speetatem3
2361 341 2398 374 Et
2418 343 2460 373 di,
2481 347 2545 373 Car,

1398 376 1525 414 riguntur
1541 379 1579 409 he
1594 378 1687 408 Litere
1699 377 1842 415 Johanm‘,
1861 376 2060 416 Petriburgenfi
2075 375 2230 415 Episcopo.

1395 451 1411 481 b
1435 415 1524 459 Teste
1546 416 1631 456 Rege
1653 416 1728 455 apud
1752 414 2028 455 Westmonasterium,
2049 414 2195 446 tricesimo
2208 414 2304 454 primo
2318 414 2364 446 die
2379 419 2461 449 0530-

1413 463 1460 484 rzs.

1431 529 1581 572 Johannes
1597 531 1767 570 craddocke,
1786 531 1936 568 Clericus,
1955 529 1990 561 ad
2008 529 2152 561 Vicariam
2171 529 2207 561 de
2226 530 2370 568 Warden,
2389 530 2464 562 Dio·

1398 572 1466 597 cehs
1485 569 1646 608 Lincolnie,
1667 570 1727 608 jarn
1750 571 1890 607 legittime
1912 570 1945 601 &
1966 569 2002 600 de
2023 569 2088 608 jure
2111 578 2278 607 vacantem,
2297 569 2330 599 ὃ(
2350 569 2383 599 ad
2409 580 2464 600 no-

1398 605 1482 636 stram
1508 608 1743 643 presentationem
1770 618 1819 647 per
1847 610 2015 646 pravitatem
2038 608 2170 639 Simonie
2193 608 2252 638 iive
2278 617 2328 646 per
2354 607 2461 645 lapsum

1399 646 1534 681 temporis
1555 645 1609 676 hac
1633 648 1696 677 vice
1710 647 1905 685 spectantem,
1942 646 1979 677 Et
1995 646 2159 683 diriguntur
2174 645 2210 676 he
2230 646 2326 677 Litere
2343 646 2464 676 Williel-

1399 684 1661 750 maipanffuqrienfi
1675 686 1918 724 Archiepiscopo,
1937 683 2000 720 &a
2015 686 2125 716 ratione
2138 684 2331 723 Suspensionis
2344 685 2466 724 Episco-

1398 730 1428 757 pi
1474 732 1530 750 mco
1544 733 1596 751 me.

1397 796 1413 826 b
1434 758 1524 804 Teste
1543 759 1628 798 Rege
1641 761 1715 799 apud
1734 761 2009 802 Westmonasterium,
2033 762 2152 794 decimo
2169 762 2254 794 tertio
2273 761 2320 794 die
2337 763 2464 793 Novem-⁷

1415 807 1460 827 rts.

1434 874 1575 905 Gilbertus
1594 877 1748 914 Wigmore,
1767 876 1896 908 Clericus
1909 900 1918 915 ,
1939 878 1969 908 S.
1988 878 2029 908 T.
2048 877 2078 908 Β.
2094 877 2128 907 ad
2149 877 2317 908 Rectoriam
2334 877 2370 909 de
2386 877 2464 908 Shela

1390 912 1463 952 ford
1483 921 1596 952 parva,
1616 914 1749 946 Diocesis
1773 916 1903 959 Elienfis,
1919 916 1978 954 jam
2003 916 2202 960 legittime&
2227 916 2263 946 de
2276 918 2337 953 jure
2354 927 2461 946 vacan—

1399 962 1475 989 tem,
1494 952 1527 982 &
1549 953 1584 983 ad
1606 953 1732 984 nostram
1756 954 1992 992 presentationem
2016 964 2064 991 per
2079 963 2246 993 pravrtatem
2261 955 2392 985 Simonie
2407 955 2465 986 sive

1400 1001 1448 1029 per
1469 991 1577 1029 lapsum
1599 994 1737 1028 temporis
1752 993 1807 1023 hac
1822 993 1885 1022 vice
1901 994 2075 1030 spectantem
2090 1004 2100 1031 3
2138 993 2176 1023 Et
2192 993 2350 1031 diriguntur
2362 995 2400 1024 he
2415 994 2465 1024 Li-

1400 1037 1458 1059 tere
1477 1029 1628 1068 Mattheo,
1647 1030 1749 1069 Elienfi
1764 1030 1916 1069 Episcopo.

1436 1067 1526 1098 Teste
1539 1067 1624 1108 Rege
1641 1069 1716 1107 apud
1733 1069 2007 1109 PWstmonaslerium,
2026 1069 2151 1102 secundo
2169 1069 2215 1100 die
2233 1069 2411 1102 Novembris.

1439 1181 1585 1219 Johannes
1601 1183 1794 1223 Packenham,
1812 1184 1958 1222 Clericus,
1968 1184 2003 1214 Α.
2022 1184 2070 1214 M.
2085 1185 2119 1215 ad
2136 1185 2305 1217 Re&oriam
2319 1185 2354 1216 de
2368 1188 2466 1215 Stans-

1395 1220 1479 1260 field,
1501 1221 1631 1253 Diocesis
1655 1225 1801 1253 Nor-wicen
1813 1235 1853 1262 ts,
1873 1233 1920 1261 per
1935 1224 2166 1261 Resignationem
2183 1226 2275 1255 ultimi
2290 1225 2466 1255 Incumben-

1401 1261 1435 1303 tis
1459 1260 1565 1290 ibidem
1582 1261 1642 1300 jam
1667 1272 1835 1300 vacantem,
1854 1262 1888 1292 &
1913 1262 1947 1292 ad
1972 1262 2096 1293 nostram
2119 1263 2354 1301 presentationem
2380 1263 2466 1300 pleno

1399 1298 1667 1375 ἓῑῗέὲἒὲᾶηῑεως
1702 1300 1742 1332 Et
1766 1300 1926 1339 diriguntur
1949 1301 1985 1331 he
2008 1301 2104 1332 Litere
2121 1302 2276 1341 Richardo,
2293 1300 2468 1342 Norwicenfi

1427 1347 1456 1395 p*
1465 1376 1568 1443 bTeste
1587 1377 1670 1415 Rege
1695 1377 1769 1418 apud
1795 1376 2072 1417 Westmonasterium,
2091 1378 2208 1409 decimo
2225 1379 2327 1417 quinto
2342 1378 2388 1409 die
2405 1381 2466 1408 No·
2504 1394 2522 1413 ῃ
2534 1396 2557 1422 Χ

1399 1425 1462 1444 Uen]
1482 1425 1528 1444 r11.
2485 1437 2548 1473 396.

1439 1491 1601 1521 Willielmus
1618 1491 1769 1530 Prichard,
1790 1492 1939 1531 Clericus,
1964 1493 2002 1524 A.
2024 1493 2072 1525 M.
2089 1493 2125 1524 ad
2142 1493 2314 1524 Rectoriam
2332 1493 2369 1524 de
2386 1492 2468 1522 Hub-

1400 1529 1523 1569 berston,
1546 1530 1680 1560 Diocefis
1703 1533 1877 1560 Menevenrs
1893 1554 1902 1569 ,
1929 1542 1978 1569 per
2006 1542 2132 1563 mortem
2151 1532 2242 1563 ultimi
2268 1532 2469 1563 Incumbentis

1399 1569 1507 1598 ibidem
1532 1569 1592 1606 jam
1619 1578 1769 1598 vacantem
1789 1592 1798 1605 ,
1837 1572 1871 1600 &
1895 1571 1928 1599 ad
1956 1570 2083 1600 nostram
2109 1571 2346 1608 presentationem
2380 1571 2467 1610 pleno

1394 1607 1457 1645 jure
1476 1607 1666 1646 specstantetn3
1702 1606 1738 1637 Et
1756 1607 1914 1646 diriguntur
1936 1609 1971 1638 be
1992 1608 2087 1639 Litere
2107 1612 2226 1649 Rogero,
2252 1608 2415 1649 Meneverfi
2429 1608 2468 1639 E-

1399 1646 1531 1754 Ξιξίῗὶέ
1542 1683 1626 1725 Rege
1642 1683 1715 1724 apud
1733 1682 2003 1724 W'eslmonasterium,
2022 1685 2138 1716 decimo
2156 1685 2263 1718 octavo
2282 1686 2328 1717 die
2343 1688 2470 1716 Novem-

1418 1734 1464 1753 rts.

1434 1800 1586 1832 Richardus
1601 1802 1749 1836 Stanwix,
1771 1799 1917 1837 Clericus,
1935 1800 1963 1830 S.
1984 1800 2023 1830 T.
2044 1800 2074 1831 Β.
2092 1800 2125 1830 ad
2147 1801 2316 1832 Recioriam
2340 1802 2375 1834 de
2391 1807 2463 1833 Car-

1399 1839 1473 1869 leton
1495 1841 1590 1869 saneti
1610 1841 1706 1876 Petri,
1722 1837 1853 1868 Diocesis
1876 1840 2077 1880 Norwicenfis,
2096 1849 2146 1879 pet·
2162 1849 2289 1871 mortem
2307 1841 2400 1872 ultimi
2416 1843 2467 1874 ln-

1401 1879 1563 1909 cumbentis
1582 1877 1690 1907 ibidem
1703 1878 1762 1916 jam
1781 1886 1948 1914 vacantem,
1967 1880 1999 1908 ὅε
2023 1879 2056 1908 ad
2080 1878 2206 1908 nostram
2232 1880 2469 1917 presentationem

1401 1917 1489 1984 ρὶῗτὲὲ
1500 1916 1778 1985 ιῇἓείξξὲῗηῑεωό
1816 1914 1854 1946 Et
1875 1916 2037 1955 diriguntur
2060 1917 2096 1947 he
2113 1917 2206 1948 Litere
2222 1917 2371 1957 Richardo,
2390 1922 2470 1950 Nor-

1401 1954 1525 2062 {siege
1542 1965 1624 2033 lfege
1637 1965 1714 2031 {pud
1734 1992 1994 2033 westmonasterium
2004 2015 2014 2031 ,
2030 1992 2147 2024 decimo
2160 1995 2261 2033 quinto
2280 1993 2326 2026 die
2344 1999 2472 2027 Novem-

1419 2043 1467 2064 m».

1437 2108 1584 2149 Johannes
1604 2108 1757 2146 corneliur,
1776 2108 1923 2147 Clericus,
1940 2108 1978 2139 A.
1992 2109 2033 2139 T.
2052 2109 2084 2139 B.
2103 2109 2137 2139 ad
2158 2110 2328 2141 Rectoriam
2346 2111 2382 2143 de
2399 2112 2470 2143 Hel.

1402 2149 1557 2187 mingham‚
1577 2148 1709 2179 Diocefis
1722 2147 1924 2187 Norwicmsts,
1944 2158 1994 2185 per
2018 2158 2142 2178 mortem
2160 2150 2255 2180 ultimi
2271 2149 2471 2183 lncumbentis

1401 2189 1511 2219 ibidem
1533 2187 1591 2225 jam
1609 2196 1778 2223 vacantem,
1806 2186 1838 2216 &
1859 2187 1892 2217 ad
1916 2186 2039 2216 nostram
2063 2188 2299 2227 presentationem
2323 2190 2409 2227 pleno
2423 2193 2469 2229 ju-

1401 2227 1640 2295 resspe&antem3
1675 2225 1713 2257 Et
1730 2224 1890 2263 diriguntur
1905 2225 1942 2255 he
1960 2225 2053 2256 Litere
2070 2227 2221 2265 Richardo,
2240 2229 2414 2270 Norwz'cenfi
2427 2229 2470 2260 E-

1423 2277 1429 2295 l
1441 2277 1457 2295 C
1523 2289 1528 2294 .

1400 2276 1420 2306 p
1438 2276 1527 2336 Ἱρὲῖξετ
1543 2302 1625 2342 Rege
1640 2302 1713 2342 apud
1732 2300 2014 2341 westmonasterium,
2033 2303 2172 2334 vicesimo
2189 2302 2235 2335 die
2249 2303 2426 2335 Novembris.

1438 2381 1572 2412 Robertus
1592 2379 1730 2418 Rollocke,
1749 2379 1894 2418 Clericus,
1921 2379 1957 2410 A.
1979 2379 2025 2410 M.
2045 2380 2079 2410 ad
2094 2379 2237 2411 Vicariam
2252 2380 2288 2412 de
2303 2384 2350 2411 Sco
2368 2382 2470 2420 wicke,

1402 2420 1535 2452 Diocelis
1561 2419 1702 2449 Limolm‘e
1715 2443 1724 2456 ,
1747 2428 1797 2456 per
1821 2428 1947 2448 mortem
1967 2419 2059 2449 ultimi
2075 2419 2271 2450 incumbentis
2290 2419 2329 2450 ibi
2350 2431 2397 2450 em
2411 2422 2472 2458 jam

1401 2468 1573 2496 vacantem,
1600 2459 1634 2489 ὃς
1652 2457 1687 2488 ad
1715 2457 1842 2488 nostram
1869 2457 2122 2497 presentationem,
2147 2459 2254 2489 ratione
2278 2458 2471 2498 Suspensionis

1400 2498 1543 2537 Johannis
1562 2496 1703 2527 Lincolm'e
1718 2495 1868 2534 Episcopi,
1884 2495 1939 2526 hac
1956 2497 2020 2525 vice
2036 2497 2225 2535 spectanten13
2262 2496 2299 2527 Et
2313 2497 2470 2535 diriguntur

1401 2539 1440 2569 he
1461 2538 1557 2568 Litere
1573 2534 1737 2572 Willielmo,
1756 2533 1952 2573 Cantuarieufi
1967 2535 2214 2575 Arc'mepiscopo,
2233 2534 2294 2570 &c.
2313 2537 2420 2566 tatione
2438 2544 2470 2567 ut

1399 2578 1428 2608 su
1451 2586 1489 2606 ra.

1431 2586 1529 2645 Efeste
1548 2613 1631 2652 Rege
1649 2611 1722 2649 apud
1739 2609 2014 2651 Westmonasterium‚
2032 2611 2147 2642 decimo
2166 2611 2272 2643 oetavo
2284 2611 2330 2643 die
2344 2614 2471 2644 Novem-

1402 2654 1466 2686 bris.

1440 2730 1556 2759 Thomas
1576 2726 1761 2763 Maddockes,
1788 2725 1917 2757 Clericus
1932 2749 1940 2764 ,
1968 2727 2003 2757 A.
2025 2726 2072 2756 M.
2091 2727 2125 2758 ad
2146 2727 2288 2757 Vicariam
2313 2727 2350 2758 de
2372 2730 2472 2759 Mars·

1394 2769 1486 2811 field,
1514 2767 1647 2799 Diocelis
1669 2765 1863 2809 Landavqnfis
1874 2788 1883 2803 ,
1894 2767 1953 2804 jam
1971 2766 2109 2802 legittime
2133 2766 2167 2797 &
2183 2765 2217 2797 de
2228 2767 2290 2803 jure
2308 2777 2476 2806 vacantem,

330 2816 486 2850 Morganus
502 2811 646 2849 Godwyn‚
666 2810 704 2841 L.
731 2809 768 2840 L.
794 2808 836 2840 D.
855 2808 890 2839 ad
911 2809 1079 2840 Rectoriam
1097 2810 1133 2840 de
1153 2808 1266 2849 English
1282 2808 1366 2838 Bick-
1406 2811 1438 2840 ὃς
1463 2807 1498 2838 ad
1520 2805 1644 2836 nostram
1663 2804 1901 2841 presentationem
1923 2814 1971 2841 per
1988 2804 2095 2841 lapsum
2109 2807 2246 2843 temporis
2261 2805 2313 2835 hac
2331 2807 2398 2837 vice
2412 2806 2474 2844 spe—

298 2862 366 2890 nor,
385 2850 516 2882 Diocefis
540 2848 717 2888 Gloucestrie‚
735 2850 791 2886 jam
808 2848 950 2887 legittime
971 2849 1003 2879 ὃ(
1019 2848 1055 2878 de
1068 2849 1131 2886 jure
1145 2858 1314 2884 vacantem,
1334 2848 1367 2878 &

297 2891 333 2921 ad
354 2890 481 2920 nostram
504 2888 741 2927 presentationem
767 2897 818 2924 per
833 2887 942 2927 lapsum
957 2889 1093 2924 temporis
1108 2887 1166 2918 sive
1182 2897 1231 2924 per
1247 2887 1368 2925 pravita-

299 2936 359 2958 tem
374 2929 505 2958 Simonie
519 2928 571 2957 hac
586 2928 652 2959 vice
664 2926 857 2965 spectantem3
887 2925 926 2957 Et
943 2925 1104 2965 diriguntur
1124 2926 1161 2956 he
1182 2926 1277 2957 Litere
1296 2926 1368 2954 God-

296 2966 391 3005 frs'do,
406 2965 567 3004 Glaucestrie
585 2965 742 3003 Episcopo.

296 3043 314 3073 b
336 3004 426 3036 Teste
450 3003 534 3042 Rege
552 3005 627 3042 apud
645 3001 901 3042 Wellmonasterium
913 3025 923 3041 ,
949 3003 1087 3034 vicesimo
1102 3004 1201 3041 primo
1219 3002 1265 3034 die
1285 3003 1369 3032 0530-

315 3053 363 3074 rts.

335 3119 497 3150 Edmundus
515 3117 688 3155 Trevillian,
714 3117 860 3155 Clericus,
877 3117 913 3147 A.
933 3117 971 3148 M
982 3117 1017 3149 ad
1035 3117 1206 3149 Rectoriam
1224 3117 1261 3148 de
1277 3121 1362 3148 Hem-

295 3159 422 3197 mingby,
440 3158 574 3188 Diocesis
588 3156 749 3193 Lincolnie,
771 3156 830 3193 jam
850 3156 986 3193 legittime
1008 3156 1041 3186 δε
1057 3156 1094 3186 de
1112 3158 1174 3194 jure
1192 3165 1341 3198 vacantem
1353 3182 1362 3195 ,

296 3199 333 3230 ὃς
351 3198 388 3228 ad
405 3196 533 3227 nostram
559 3195 794 3234 presentationem
819 3204 869 3231 per
889 3195 1052 3232 pravitatem
1074 3195 1204 3225 Simonie
1228 3197 1284 3225 iive
1312 3205 1363 3233 per

291 3237 402 3274 'lapsum
423 3236 561 3274 temporis
584 3235 638 3265 hac
662 3235 728 3264 vice
747 3232 941 3270 spectantem,
976 3232 1015 3263 Et
1034 3231 1193 3270 diriguntur
1216 3233 1253 3263 he
1269 3234 1363 3265 Litere

299 3274 464 3311 Willielmo‚
489 3272 680 3312 Cantuarienfi
705 3271 950 3311 Archiepiscopo,
965 3270 1027 3307 &a
1047 3273 1155 3302 ratione
1175 3271 1363 3310 Suspeniionis

298 3312 436 3350 Episcopi
450 3311 599 3342 Lincolm'e.
1300 3345 1302 3347 .

297 3389 314 3420 b
330 3350 422 3381 Teste
440 3350 524 3390 Rege
541 3349 616 3389 apud
640 3347 894 3389 westmonasterium
909 3371 918 3387 ,
945 3348 1087 3380 vicesimo
1112 3349 1195 3379 tertio
1213 3348 1260 3379 die
1279 3351 1363 3380 Οὸῖο-

315 3400 361 3420 m.

330 3467 465 3498 Robertux
490 3465 602 3505 Cheflen
619 3488 629 3503 ,
654 3466 784 3497 Clericus
797 3487 807 3503 ,
833 3464 872 3496 A.
894 3464 943 3494 M.
967 3464 1001 3494 ad
1023 3464 1193 3496 Ree'toriam
1209 3465 1244 3496 de
1265 3468 1361 3495 Hinx-

294 3506 409 3543 worth,
425 3504 558 3535 Diocefis
569 3504 724 3543 Lincolnie,
740 3506 799 3544 jam
812 3504 951 3545 legittime
967 3504 999 3534 &
1014 3502 1049 3533 de
1065 3505 1122 3539 jure
1138 3513 1287 3535 vacantem
1297 3528 1306 3543 ,
1326 3505 1360 3534 Sc

296 3545 332 3576 ad
353 3544 483 3575 nostram
502 3543 736 3579 presentationem
762 3553 811 3583 per
835 3543 945 3580 laptum
961 3543 1116 3580 temporis,
1135 3542 1190 3573 sive
1204 3553 1252 3579 per
1268 3544 1360 3580 pravi-

295 3592 387 3614 tatem
414 3582 543 3612 Simonie
566 3581 622 3611 hac
647 3583 712 3612 vice
735 3581 935 3619 spectantem3
973 3581 1012 3612 Et
1028 3581 1186 3619 diriguntur
1204 3582 1242 3612 he
1263 3582 1360 3612 Litere

298 3624 341 3652 W
342 3621 468 3656 illielmo,
487 3618 679 3657 Cantuarienfi
692 3619 937 3659 Archiepiscopo,
956 3619 1018 3655 &a
1037 3621 1146 3650 ratione
1162 3628 1192 3651 ut
1206 3621 1292 3658 supra.

294 3698 311 3729 b
334 3659 425 3690 Teste
446 3659 528 3698 Rege
543 3657 618 3698 apud
632 3656 912 3697 W’stmonasterium,
931 3659 1070 3691 vicesimo
1084 3659 1193 3690 octavo
1212 3659 1257 3690 die
1274 3660 1361 3689 0630-

313 3709 361 3729 m.

332 3776 449 3806 Thomas
469 3774 638 3811 Maddocks,
656 3771 803 3810 Clericus,
823 3773 860 3804 A.
879 3773 926 3804 M.
945 3774 980 3804 ad
997 3774 1166 3805 Rectoriam
1181 3774 1219 3806 de
1236 3775 1359 3805 Merthi-

294 3824 326 3844 re
339 3818 459 3853 Devon,
479 3813 611 3844 Diocefis
626 3811 837 3850 Landavenfis,
856 3813 912 3848 jam
928 3812 1066 3851 legittime
1079 3816 1111 3845 ὃς
1129 3814 1165 3844 de
1177 3815 1238 3852 jure
1254 3825 1358 3845 vacan-

295 3860 375 3890 tem,
391 3853 424 3884 &
445 3853 479 3883 ad
503 3851 631 3882 nostram
655 3849 893 3888 presentationem
916 3860 964 3887 per
989 3852 1095 3888 lapsum
1120 3853 1274 3891 temporis,
1303 3854 1355 3883 bac

296 3891 362 3958 viti}
376 3891 567 3959 ῇὲἓὲὶέῃῑεπις
603 3889 642 3920 Et
665 3889 823 3928 diriguntur
835 3888 872 3919 he
887 3888 981 3919 Litere
1001 3889 1165 3929 Willielmo,
1183 3892 1359 3938 Lanafaven-

290 3928 422 4036 {Tgiie
440 3939 530 4007 pRege
556 3966 631 4006 apud
654 3964 914 4005 Westmonasterium
928 3988 939 4005 ,
963 3965 1138 3999 duodecimo
1167 3967 1213 3999 die
1226 3971 1362 4001 Novem-

318 4015 364 4037 m.

1407 2848 1553 2883 <Stantem3
1587 2844 1626 2874 Et
1650 2843 1812 2880 diriguntur
1836 2843 1871 2872 lie
1893 2842 1986 2873 Litere
2011 2842 2177 2882 lVillielmo,
2197 2844 2381 2884 Laudavenfi
2400 2845 2472 2883 Epi-

1458 2895 1473 2909 n

1406 2886 1530 2955 scpfpste
1547 2921 1633 2959 Rege
1645 2919 1720 2959 apud
1735 2918 2013 2958 Wstmonasterizmz,
2031 2920 2169 2951 vicefimo
2185 2920 2232 2951 die
2249 2921 2426 2953 Novembris.

1441 2999 1605 3030 Wilsielmus
1624 3000 1772 3034 Freeman,
1792 2995 1938 3033 Clericus,
1965 2996 2000 3026 A.
2021 2996 2068 3026 M.
2086 2996 2119 3027 ad
2145 2997 2309 3028 Recioriam
2326 2996 2362 3027 de
2378 2999 2469 3027 Νεω-

1402 3047 1469 3077 ton,
1489 3037 1623 3068 Diocesis
1640 3034 1870 3074 Petriburgensts,
1884 3036 1945 3073 jam
1967 3035 2107 3073 legittime
2123 3036 2156 3065 ἃ
2178 3036 2215 3066 de
2231 3037 2294 3074 jure
2308 3045 2471 3075 vacantem,

1402 3080 1435 3110 ὃ(
1450 3077 1486 3107 ad
1501 3076 1628 3107 nostram
1643 3075 1879 3115 presentationem
1895 3082 1944 3109 per
1960 3072 2082 3110 Lapsum
2099 3075 2250 3111 temporis,
2270 3075 2325 3104 five
2342 3083 2390 3111 per
2407 3085 2472 3115 pra,

1401 3119 1517 3147 vitatem
1536 3114 1666 3144 Simonie
1689 3113 1741 3141 hac
1765 3113 1827 3140 vice
1845 3114 2034 3152 similantem,
2072 3111 2110 3142 Et
2132 3113 2289 3151 diriguntur
2311 3112 2349 3142 he
2372 3113 2469 3144 Litere

1400 3154 1548 3193 Johanm',
1568 3149 1768 3186 Petriburgenfi
1784 3149 1938 3186 Epiicopo.

1436 3192 1527 3223 Teste
1547 3190 1629 3227 Rege
1647 3188 1721 3226 apud
1742 3187 2010 3227 westmonasterium,
2028 3188 2166 3219 vicefimo
2181 3189 2266 3220 tertio
2282 3188 2329 3219 die
2341 3191 2467 3220 Novem·-

1399 3231 1464 3262 bris.

1438 3307 1606 3339 Vb'illielmus
1623 3307 1756 3341 Mor-ten,
1774 3302 1922 3342 Clericus,
1949 3302 1987 3334 A.
2007 3302 2054 3333 M.
2074 3302 2108 3333 ad
2132 3303 2274 3334 Vicariam
2293 3303 2329 3334 de
2350 3305 2466 3335 Ander-

1399 3347 1449 3387 by,
1467 3346 1596 3376 Diocesis
1621 3343 1733 3383 castrie,
1753 3352 1800 3379 per
1817 3351 1944 3373 mortem
1960 3342 2053 3373 ultimi
2072 3341 2271 3373 Incumbentis
2286 3343 2392 3373 ibidem
2405 3345 2463 3381 jam

1399 3393 1564 3422 vacantem,
1584 3383 1616 3414 δί
1640 3383 1673 3412 ad
1696 3381 1824 3411 nostram
1847 3381 2080 3418 presentationem
2100 3381 2184 3417 pleno
2197 3382 2256 3418 jure
2269 3380 2467 3421 spectantem3

1400 3424 1439 3456 Et
1458 3424 1618 3460 diriguntur
1642 3421 1678 3450 he
1696 3420 1792 3449 Litere
1806 3418 1953 3457 Johamn,
1971 3419 2067 3457 Cestrie
2084 3418 2238 3456 Episcopo.

1435 3461 1523 3493 Teste
1539 3461 1621 3500 Rege
1636 3459 1709 3499 apud
1727 3457 2005 3498 Wstmonasterim,
2023 3458 2137 3488 decimo
2155 3459 2262 3488 octavo
2277 3457 2324 3489 die
2336 3460 2464 3489 Novem-

1399 3502 1463 3533 bris.

1433 3577 1564 3609 Robertus
1583 3577 1702 3612 Norris,
1721 3574 1866 3610 Clericus,
1885 3572 1920 3603 A.
1941 3570 1987 3602 M.
2006 3571 2040 3602 ad
2063 3571 2229 3602 Re&oriam
2244 3573 2280 3603 (ie
2299 3573 2462 3612 Wzinfleete

1398 3621 1527 3648 Omnium
1543 3617 1721 3651 Sanam-mn,
1738 3612 1867 3642 Dioceiis
1883 3611 2036 3648 Lincolnie,
2055 3620 2103 3648 per
2119 3611 2286 3641 Centonem
2303 3612 2393 3642 ultimi
2411 3611 2461 3643 In-

1397 3657 1558 3688 cumbentis
1578 3654 1687 3684 ibidem
1712 3654 1766 3689 jam
1789 3660 1954 3687 vacantem,
1973 3651 2005 3679 ὃς
2022 3649 2056 3679 ad
2074 3649 2199 3680 nostram
2224 3650 2461 3687 presentationem

1396 3696 1483 3734 pleno
1493 3695 1554 3733 jure
1576 3693 1769 3731 spectantem,
1805 3688 1840 3718 Et
1865 3688 2025 3727 diriguntur
2039 3687 2074 3718 he
2092 3689 2186 3718 Litere
2200 3688 2366 3726 [Villielmffi
2386 3693 2460 3719 Can-

1397 3733 1528 3772 tuarienfi
1545 3729 1791 3768 ArchiepiscopO,
1810 3725 1869 3761 &a
1890 3729 1996 3758 ratione
2019 3726 2210 3764 Suspensionis
2233 3727 2366 3765 Episcopi
2386 3730 2459 3758 Lin-=

1459 3783 1490 3801 Ie.

1398 3773 1520 3840 mllIl'este
1545 3808 1631 3845 Rege
1651 3804 1724 3843 apud
1744 3803 2019 3843 Westmonasterium,
2038 3804 2176 3835 vicesimo
2195 3804 2315 3841 septimo
2332 3805 2379 3836 die
2398 3807 2458 3835 Να-

1396 3848 1524 3880 νινηόνίς.

1434 3927 1576 3955 Antonius
1590 3919 1766 3959 Pomphrett,
1787 3918 1937 3959 Clericus,
1965 3917 2001 3948 A.
2023 3917 2069 3948 M.
2089 3918 2123 3948 ad
2141 3918 2309 3949 Restm-iam
2328 3919 2362 3949 de
2388 3920 2457 3948 Pedn

1397 3962 1499 4000 marlhe
1519 3963 1581 3992 alias
1596 3956 1768 3995 Pebmavfhe,
1790 3958 1919 3988 Daocciis
1933 3960 2061 3994 Lonavn,
2078 3958 2132 3994 jam
2149 3957 2290 3994 legittime
2304 3959 2336 3988 δι
2351 3957 2385 3999 5ic
2401 3958 2459 4000 jure

1399 4010 1566 4038 vacantem,
1584 4000 1617 4031 &
1631 3998 1664 4030 ad
1680 3995 1806 4028 nostram
1823 3997 2060 4035 presentationem
2083 4005 2132 4033 per
2147 3997 2315 4033 pravitatem
2328 3994 2461 4062 Simogne

2427 4043 2460 4064 ac
