2561 4263
63 291 138 324 Ann.
157 288 199 319 D.

91 330 177 368 1637.

61 371 113 395 An.
137 377 179 403 ¹3.

62 410 124 432 Car.
150 415 171 432 1.

125 444 162 478 69

107 681 155 709 68.

114 1259 159 1285 66.

122 1618 169 1652 56.

121 2079 168 2108 55·

80 2383 98 2402 ⁰
125 2384 195 2413 XX.

86 2432 152 2458 2¹7·

119 2545 166 2573 54·

127 3026 173 3073 5'32

132 3509 180 3537 52.

136 3956 183 3983 5¹·

827 209 937 249 ET
1024 211 1284 253 ACTA

245 293 336 325 Teste
351 293 433 332 Rege
447 292 520 330 apud
536 292 801 334 Wslmonasterium
810 317 819 332 ,
838 287 954 325 decimo
971 296 1044 325 serito
1057 297 1102 328 die
1115 301 1230 328 Martii.

251 368 414 399 Natham‘el
426 370 601 405 Netmaker,
621 370 768 406 Clericus,
789 370 824 400 Α.
847 370 892 400 M.
912 371 997 401 habet
1013 373 1172 402 confimiles
1193 373 1275 403 Lite-

213 418 254 438 ras
272 408 401 438 Parentes
418 407 452 437 de
468 408 669 445 presentatione
691 410 725 438 ad
742 409 908 439 Redtoriim
926 409 960 440 de
977 412 1125 440 Penmaiee
1136 435 1143 447 ,
1163 411 1275 441 Dioce-

211 444 244 476 sis
261 444 450 484 M‘eneverzfis,
471 457 518 482 per
543 447 761 480 resignationem
779 447 869 476 ultimi
884 446 1078 478 incumbentis
1095 450 1199 479 ibidem
1211 450 1273 487 jam

209 493 378 519 vacantem,
397 485 430 514 &c
451 485 483 513 azl
508 485 634 515 nostram
655 485 888 521 presentiuonem
904 486 988 522 pleno
1000 487 1063 523 jure
1081 487 1273 526 spestanteni3

209 521 246 552 Et
270 522 429 558 diriguntur
447 523 482 553 lie
502 523 593 553 Lirere
616 524 747 554 Pazenaes
758 523 935 557 Reverendo
949 525 978 554 in
996 524 1112 556 Christo
1129 526 1203 557 Patri
1220 530 1275 556 Ro-

207 570 271 598 gcro
281 585 289 595 ,
310 561 474 599 lllenevenfi
487 561 644 598 Episcopo.

249 598 338 630 Teste
354 599 437 635 Rege
449 600 521 638 apud
539 600 796 638 Westmnasterjmn
807 625 815 638 ,
835 600 912 631 sexto
927 600 1044 632 decimo
1060 601 1106 633 die
1120 605 1235 632 Martii.

248 675 397 705 Richarrlur
407 675 514 712 Collyris
524 700 531 713 ,
553 675 698 713 Clericus,
721 676 753 706 Α.
774 676 820 706 M.
836 678 919 708 hahet
929 677 1089 708 consimiles
1102 678 1209 707 Literas
1221 677 1274 707 Pa—

210 720 299 743 tentes
321 714 354 743 de
376 715 574 751 presentatione
591 715 622 744 ad
642 715 778 746 Vicariam
794 716 829 747 de
852 715 1051 753 Whiffondine,
1075 715 1204 745 Diocesis
1220 717 1272 744 Pe-

209 752 395 791 triburgenfis,
410 753 472 790 jam
495 753 630 789 legittime
650 755 682 784 ὃς
707 753 742 783 de
766 755 824 790 jure
844 763 1010 789 vacantem,
1029 754 1062 783 ὃ(
1089 754 1123 783 ad
1144 753 1270 783 nostram

209 790 447 827 presentationem
461 801 509 829 per
524 791 631 829 lapsum
645 794 798 831 temporis,
818 793 874 823 sive
889 802 939 829 per
957 791 1121 828 pravitatem
1131 791 1272 830 Simonie,

211 828 265 858 hac
279 829 344 861 vice
358 829 546 865 i⁶peeiantem3
588 830 622 860 Et
641 831 799 871 diriguntur
815 831 853 860 he
874 829 966 858 Litere
982 828 1111 858 Parentes
1125 829 1273 859 Reveren-

209 866 294 901 do'iu
312 866 429 897 Clusio
447 867 522 898 Patri
536 868 691 908 Francifio,
714 868 915 906 Petribargenfi
925 866 1077 909 Episcopo.

245 904 336 935 Teste
353 905 438 945 Rege
449 907 523 944 apud
539 907 810 947 Westmonasberium,
829 907 949 944 septimo
964 905 1009 935 die
1027 908 1140 935 Martii.

251 981 402 1012 Ri'chardaes
426 983 515 1021 Hall,
534 982 680 1018 Clericus,
701 982 738 1012 A.
758 981 808 1011 Μ.
822 981 910 1011 hibet
925 980 1085 1011 consimiles
1100 982 1208 1012 Literas
1222 981 1278 1012 Pa-

215 1028 304 1051 rentes
328 1021 363 1051 de
386 1022 590 1058 presentatione
611 1022 645 1054 ad
671 1020 811 1050 Vicariam
837 1020 893 1050 sive
917 1019 1066 1056 Capellam
1088 1020 1122 1050 de
1144 1021 1224 1049 Stoke
1248 1022 1278 1050 iri

215 1058 366 1090 Comitatu
387 1060 519 1091 Civitatis
534 1063 696 1095 Coventrie,
711 1060 770 1096 jam
785 1058 924 1096 legittime
938 1059 970 1088 &
984 1058 1019 1087 de
1032 1058 1096 1100 jure
1111 1067 1279 1095 vacantem,

215 1098 250 1128 δε
273 1098 306 1128 ad
328 1099 456 1131 nostram
478 1099 663 1129 donationem
687 1098 720 1128 &
740 1096 952 1133 dispolitionetn
975 1096 1060 1134 pleno
1072 1105 1135 1134 Jure
1151 1097 1280 1134 specstan-

216 1144 341 1206 tesseste
357 1175 440 1214 Rege
454 1174 528 1213 apud
547 1171 811 1215 Wstmonasterium
821 1195 830 1211 ,
846 1171 987 1204 tricesimo
1005 1171 1050 1203 die
1065 1171 1185 1212 Aprilis.

252 1253 363 1288 Georgia
384 1251 499 1281 Roberts
514 1273 524 1288 ,
550 1249 697 1287 Clericus,
719 1248 750 1279 S.
765 1248 805 1279 T.
823 1249 854 1280 B.
873 1251 957 1281 habet
981 1249 1142 1281 consimiles
1167 1249 1281 1281 Literas

216 1289 348 1320 Patentes
368 1289 405 1320 de
430 1289 634 1328 presentatione
651 1287 685 1317 ad
707 1286 853 1326 Capellas,
870 1289 1015 1328 Stipendia
1037 1290 1070 1320 δε
1086 1288 1176 1319 Curas
1189 1288 1280 1319 Villa-

217 1329 298 1364 rum‚
317 1328 373 1357 five
395 1327 602 1359 parochiarum
622 1327 658 1357 de
671 1326 900 1365 Southlt‘ttleton,
921 1329 955 1359 ὃς
975 1326 1081 1357 Middle
1099 1326 1240 1357 Littleton
1254 1328 1284 1357 in

218 1365 368 1396 Comitatu
392 1366 552 1403 Wigornie‚
572 1376 620 1403 per
643 1364 849 1396 tmnilationem
871 1365 1001 1396 Richardi
1025 1366 1140 1403 corbet,
1161 1364 1287 1404 Clerici,

219 1403 255 1434 Sj
268 1404 309 1433 T.
330 1404 363 1434 P.
383 1407 490 1434 Oxonie
511 1404 622 1435 dudum
644 1403 779 1442 Episcopi
797 1427 807 1441 ,
834 1405 870 1435 ad
891 1404 1095 1442 Episcopatum
1121 1405 1287 1434 Norwicen-

209 1441 287 1512 ⁴gni,
307 1443 362 1479 jam
377 1453 537 1481 vacantem,
555 1444 588 1475 &
602 1442 636 1473 ad
651 1441 778 1473 nostram
793 1442 999 1480 donationem,
1014 1443 1076 1474 &c.
1093 1442 1146 1473 hac
1155 1443 1220 1474 vice
1228 1443 1290 1482 spe-

251 1490 356 1511 antem.

259 1520 349 1552 Teste
366 1519 447 1551 Reee
461 1519 534 1558 apud
553 1518 826 1560 westmonasterium,
844 1519 961 1550 decimo
977 1518 1023 1549 die
1039 1521 1124 1549 Maii.

261 1595 379 1626 Ezekiel
409 1597 533 1634 laeVright,
550 1595 580 1626 S.
596 1596 636 1625 T.
652 1595 682 1626 B.
702 1595 788 1626 habet
804 1595 965 1626 consimiles
988 1594 1095 1625 Literas
1110 1594 1241 1626 Parentes
1254 1594 1290 1625 de

223 1635 427 1672 presentatione
440 1635 474 1664 ad
492 1633 659 1664 Re&oriam
677 1632 802 1665 Ecclesie
819 1634 991 1664 Parochiali's
1005 1634 1041 1664 de
1048 1636 1210 1670 Divington
1225 1633 1289 1664 alias

223 1676 402 1710 Denington‚
422 1671 602 1711 Norwicenfis
622 1671 771 1710 Diocesis,
788 1673 845 1710 jam
862 1673 999 1710 legittime
1015 1673 1047 1703 &
1062 1673 1097 1703 de
1110 1673 1174 1710 jure
1187 1682 1291 1703 vacan-

222 1719 302 1748 tem,
320 1712 354 1741 &
371 1711 406 1741 :id
428 1710 557 1741 nostram
580 1711 818 1749 presentationem
834 1721 884 1749 per
900 1711 1008 1748 lapsum
1025 1712 1180 1749 temporis,
1197 1712 1291 1749 pravi-

224 1757 314 1780 tatem
334 1749 481 1788 Simonie,
501 1758 547 1780 aut
574 1749 629 1779 alio
642 1759 816 1788 quocunque
834 1749 924 1781 modo
940 1759 993 1786 pro
1017 1750 1071 1780 hac
1086 1750 1152 1780 vice
1164 1750 1292 1786 spe&an-

222 1795 305 1826 tem,
341 1787 377 1817 Et
407 1788 566 1831 diriguntur
594 1787 630 1817 he
656 1788 751 1818 Litere
775 1788 905 1818 Parentes
926 1788 1099 1819 Reverendo
1121 1789 1149 1818 in
1170 1787 1292 1818 Christo

222 1826 298 1895 {atri
318 1835 352 1856 ac
378 1826 514 1857 Domino
538 1825 686 1865 Mattheo,
704 1827 889 1865 permissione
908 1826 1007 1858 divina
1028 1827 1201 1867 Norwicenfi
1219 1826 1293 1866 Epi-

234 1874 321 1896 copo.

259 1902 350 1935 Teste
362 1902 445 1942 Rege
457 1903 531 1942 apud
548 1902 827 1943 Wstmonasterium,
846 1905 928 1937 tertio
942 1903 988 1935 die
1003 1901 1123 1944 Aprilis.

661 1981 716 2011 Per
731 1983 827 2012 Breve
840 1981 874 2011 a'e
889 1983 1009 2012 Privato
1027 1980 1129 2019 Sigillo.

259 2054 409 2094 Johannes
434 2055 578 2097 Padfield,
604 2055 753 2098 Clericus,
781 2058 869 2090 habet
891 2057 1052 2089 consimiles
1070 2058 1176 2089 Literas
1189 2058 1295 2089 Paten-

223 2103 265 2126 tes
284 2094 321 2125 de
343 2095 547 2134 presentatione
570 2095 605 2126 ad
630 2095 802 2127 Recitoriam
828 2097 953 2128 Ecclesie
973 2096 1142 2128 parochialis
1160 2097 1196 2127 de
1210 2099 1292 2127 Hun-

225 2131 343 2171 testeam,
361 2135 390 2164 in
412 2131 564 2164 Comitatu
586 2136 731 2173 Devonie,
751 2136 785 2166 &
808 2135 937 2168 Diocesis
952 2137 1081 2174 Evonie,
1100 2145 1149 2173 per
1166 2144 1293 2166 mortem

223 2173 377 2202 naturalem
392 2171 488 2202 ultimi
513 2171 710 2204 Incumbentis
725 2174 850 2212 ejusdem
865 2175 927 2213 jam
947 2183 1115 2211 vacantem,
1134 2175 1169 2205 &
1185 2174 1220 2204 ad
1239 2184 1292 2204 no-

225 2209 310 2241 stram
328 2211 582 2250 presentationem,
601 2212 711 2242 ratione
735 2214 855 2244 minoris
873 2214 954 2244 etatis
968 2213 1069 2243 Thome
1081 2215 1172 2243 Beare
1185 2212 1291 2243 Wardi

224 2248 332 2287 nostri,
348 2260 400 2287 pro
414 2250 469 2280 hac
485 2251 549 2280 vice
563 2250 737 2284 speetintetn
746 2263 758 2291 3
795 2251 832 2283 Et
845 2251 1007 2291 diriguntur
1021 2252 1059 2282 he
1076 2251 1172 2282 Litere
1187 2250 1294 2282 Paten-

224 2296 267 2319 tes
290 2287 464 2324 Reverendo
489 2289 519 2318 in
543 2287 663 2319 Christo
683 2289 760 2321 Patri
781 2300 815 2322 ac
838 2290 975 2322 Domino
1000 2289 1136 2321 Domino
1151 2289 1291 2330 Jrfi’pho,

225 2326 410 2364 permissione
427 2326 523 2357 divini
536 2328 646 2358 Exonie
659 2327 815 2366 Episcopo.

228 2386 235 2391 .
266 2364 286 2385 ²¹¹⁵
305 2364 500 2405 TesteRege
513 2365 588 2403 apud
604 2365 883 2407 Westmonasterium,
903 2366 1062 2399 undecimo
1076 2367 1124 2399 die
1145 2367 1231 2407 Julii.

677 2446 733 2475 Per
751 2448 846 2476 Breve
863 2445 896 2476 de
915 2448 1037 2476 Privato
1053 2443 1162 2484 Sigillo,
1181 2444 1249 2481 &a

269 2517 438 2549 willielmus.
450 2519 611 2559 Rawleigh,
630 2520 659 2552 S.
675 2520 717 2551 T.
732 2521 766 2552 P.
782 2523 816 2554 δε
835 2533 908 2555 unus
924 2522 1156 2563 >capellanorum
1178 2522 1293 2554 nostro-

228 2568 294 2588 rum
314 2557 553 2597 Ordinariorum,
573 2559 658 2590 habet
677 2560 839 2591 consimiles
859 2562 968 2594 Literas
987 2561 1116 2593 Parentes
1131 2561 1167 2593 de
1182 2562 1294 2599 presen-

227 2597 337 2627 tatione
354 2595 388 2626 ad
413 2595 594 2627 Dec-anatum
609 2607 643 2628 ac
661 2596 838 2630 Beneficium
861 2600 952 2631 libere
972 2599 1090 2638 Capelle
1113 2601 1146 2630 &
1169 2600 1295 2632 Ecclesie

228 2634 324 2666 nostre
341 2636 437 2664 Sancte
461 2637 596 2673 Bariana,
612 2636 676 2666 alias
694 2640 836 2676 Buriane,
854 2639 884 2668 in
906 2638 1061 2669 Comitatuv
1074 2638 1173 2668 nostro
1189 2641 1294 2669 Cornu-

227 2671 287 2710 bie,
306 2673 454 2709 parcellam
472 2672 679 2706 possessionum
699 2675 826 2707 Ducatus
844 2677 991 2714 Cornubie,
1010 2687 1059 2714 per
1071 2686 1195 2708 mortem
1213 2685 1294 2708 natu-

227 2711 315 2749 ralem
339 2712 430 2741 ultimi
448 2710 645 2744 incumbentis
660 2713 786 2751 ejusdem
799 2715 864 2753 jam*
878 2724 1047 2753 vacantem,
1066 2716 1099 2747 &
1113 2714 1149 2745 ad
1164 2715 1294 2746 nostram

226 2749 416 2785 donationem
440 2749 496 2780 sive
520 2752 722 2789 collationem,
740 2755 847 2784 ratione
865 2755 981 2785 minoris
995 2755 1076 2784 etatis
1089 2753 1295 2792 prechariffimi

228 2786 290 2818 Filii
310 2787 399 2818 nostri
422 2788 612 2829 Primogeniti
632 2791 726 2821 Caroli
743 2791 902 2832 Principis,
928 2793 1020 2824 Ducis
1043 2791 1193 2832 cornubie,
1215 2793 1295 2832 spec-

228 2834 345 2856 tantem.

266 2864 358 2896 T'este
374 2865 456 2906 Rege
469 2867 541 2904 apud
557 2867 837 2909 Wstmonasterium,
851 2870 1009 2902 undecimo
1023 2871 1069 2902 die
1082 2871 1169 2911 Julii.

597 2946 652 2975 Per
671 2948 766 2976 Breve
783 2947 816 2976 de
835 2950 958 2978 Privato
974 2947 1084 2987 Sigillo‚
1102 2945 1166 2983 ἀνι.

267 3017 434 3048 Willielmus
452 3019 584 3057 Griffi'th‚
610 3019 757 3061 Clericus,
775 3023 812 3054 A.
831 3023 880 3054 M.
902 3024 987 3056 habet
1009 3025 1169 3055 consimiles
1189 3024 1298 3056 Literas

230 3054 362 3087 Patentes
382 3057 418 3086 de
440 3059 640 3094 presentatione
662 3060 695 3090 ad
720 3061 890 3092 Redioriam
917 3062 1046 3094 Ecclesie
1069 3063 1240 3094 Parochialis
1262 3063 1299 3094 de

233 3094 452 3133 Llanhedrocke,
468 3105 535 3126 cum
544 3095 669 3133 Capellis
680 3098 717 3128 de
732 3101 820 3138 Eian,
835 3100 996 3131 Bachelleth
1011 3103 1044 3132 &
1059 3101 1234 3132 Herverther
1248 3112 1299 3132 an-

234 3134 329 3170 nexis,
355 3134 384 3163 in
407 3134 559 3165 Comitatu
585 3139 768 3169 Caernarvon
784 3161 793 3176 ‚
824 3139 978 3170 Provincie
996 3139 1224 3177 cantuarienfis‚
1249 3150 1299 3180 per

234 3181 361 3202 mortem
382 3172 537 3204 naturalem
561 3171 725 3204 Reverendi
747 3177 777 3206 in
802 3176 919 3208 Christo
944 3178 1033 3208 Patris
1051 3179 1191 3207 Edmundi
1210 3188 1298 3217 nuper

233 3210 369 3248 Episcopi
392 3214 521 3248 Bangor,
537 3213 597 3249 jam
618 3221 788 3251 vacantem,
806 3214 840 3244 δε
861 3214 896 3245 ad
921 3216 1044 3246 nostram
1061 3216 1299 3252 presentationem

232 3249 320 3288 pleno
330 3249 341 3286 j
356 3259 394 3279 *re
407 3249 579 3286 spectantem
599 3261 609 3287 ,-
648 3251 686 3281 Et
703 3251 860 3290 diriguntur
879 3253 915 3283 he
933 3255 1029 3285 Litere
1048 3254 1300 3286 Reverendissimo

236 3289 265 3318 in
284 3285 403 3317 Christo
423 3287 501 3319 Patri
520 3289 668 3327 Gulielmo,
689 3290 916 3330 Archiepiscopo
931 3296 1102 3322 Cantuarien
1115 3303 1134 3322 ι.

232 3361 234 3363 ¹
275 3324 366 3355 Teste
385 3325 469 3364 Rege
486 3329 561 3365 apud
578 3328 854 3369 Wstmonasterium,
873 3331 1011 3362 vicesimo
1027 3330 1074 3361 die
1118 3334 1185 3362 unii.

688 3408 742 3436 Per
755 3410 848 3438 Breve
863 3407 896 3437 de
909 3410 1030 3439 Privato
1041 3408 1131 3446 Sigillo
1140 3431 1150 3447 ‚
1166 3408 1228 3444 &a

239 3517 247 3521 ζ
276 3479 393 3510 Thomas
408 3479 515 3518 Jones,
542 3480 687 3521 Cla-iem,
705 3483 795 3515 habet
810 3484 969 3515 consimiles
992 3485 1100 3516 Literas
1118 3485 1250 3517 Parentes
1264 3486 1301 3518 de

237 3519 444 3558 presentatione
461 3519 496 3549 ad
521 3522 687 3562 portionem
709 3521 849 3553 Red’mrie
871 3523 907 3554 de
933 3524 1112 3554 Tidcomhei'n
1128 3524 1254 3556 Ecclesia
1265 3526 1301 3556 de

239 3562 387 3593 Tiverton,
406 3558 436 3587 in
450 3556 599 3591 Comitatu
615 3563 758 3599 Devenie,
773 3562 807 3592 &
823 3561 957 3593 Diocesis
971 3564 1089 3600 Exonie,
1106 3571 1157 3602 per
1173 3573 1299 3595 mortem

240 3595 333 3627 ultimi
348 3595 548 3639 incumbentis
561 3597 671 3629 ibidem
686 3598 743 3634 iarn
758 3609 922 3639 vacantem,
941 3601 974 3632 &
989 3601 1022 3632 ad
1042 3601 1169 3632 nostram
1191 3603 1303 3642 presen-

241 3635 381 3666 tationem
406 3644 456 3673 per
477 3635 592 3679 lapsum·
605 3638 744 3675 temporis
761 3638 809 3668 vel
830 3640 995 3676 pravitatem
1016 3640 1146 3672 Simonie
1165 3641 1220 3672 hac
1235 3642 1301 3672 vice

239 3672 432 3712 specstantem3
449 3672 484 3703 Et
498 3674 656 3712 diriguntur
671 3676 707 3705 he
724 3675 821 3707 Litere
836 3677 966 3710 Parentes
981 3678 1157 3710 Reverendo
1171 3681 1200 3710 in
1214 3679 1300 3711 Chri-

241 3710 286 3781 }io
308 3711 385 3742 Patri
402 3722 437 3743 ac
458 3712 594 3743 Domino
616 3712 754 3753 Josepho,
777 3716 960 3754 permissione
982 3717 1080 3749 divina
1101 3720 1210 3749 Exonie
1231 3718 1302 3757 Epi-

253 3759 340 3787 copo.

279 3787 370 3820 Teste
383 3787 466 3828 Rege
480 3789 556 3829 apud
571 3788 846 3831 westmonasterium,
865 3793 1001 3825 vicesimo
1019 3795 1096 3827 sexto
1111 3795 1158 3828 die
1178 3795 1264 3836 Julii.

637 3868 691 3897 Per
708 3870 803 3897 Breve
820 3868 852 3898 de
871 3872 991 3901 Privato
1008 3873 1117 3911 Sigillo,
1135 3873 1196 3909 &c-

279 3940 390 3971 Samuel
406 3941 510 3981 Moile,
536 3943 680 3983 Clericus,
705 3944 743 3974 A.
765 3943 811 3974 Μ.
835 3944 920 3976 habet
941 3947 1101 3979 consimiles
1124 3949 1230 3981 Lireras
1248 3950 1303 3982 Pa·-

243 3987 333 4009 rentes
352 3980 388 4010 de
408 3982 612 4019 presentatione
630 3983 665 4014 ad
688 3982 855 4013 Reeoriam
875 3986 908 4016 &
931 3984 1086 4016 Ecclesiam
1105 3987 1301 4019 parochialem

242 4018 278 4048 de
291 4017 395 4055 Rache,
413 4020 442 4048 iu
460 4019 608 4051 Comitatu
624 4022 822 4058 cornubie,.&
839 4021 966 4053 Diocesis
982 4026 1109 4060 Exonie,
1123 4025 1182 4062 jam
1199 4037 1304 4058 vacan-

243 4064 317 4094 tem,
334 4055 367 4086 &
385 4055 421 4085 ad
443 4057 571 4088 nostram
590 4060 827 4096 presentationem
848 4062 957 4093 ratione
980 4063 1066 4094 tutele
1087 4063 1303 4097 RobertiI-Iarte

1368 215 1843 256 PUBLICA.
2307 232 2380 274 143

1322 298 1460 330 Generosi
1471 322 1481 337 ‚
1500 309 1547 331 aut
1572 311 1625 339 pro
1649 300 1761 331 defectu
1779 301 1953 331 liberationis
1967 298 2089 336 eiusdem
2104 301 2120 329 ὲ
2136 300 2265 331 manibus
2280 303 2381 333 nostris
2407 303 2535 334 Anni).

1320 339 1520 377 prosequendi,
1535 341 1589 370 hac
1603 341 1667 370 vice
1681 340 1872 376 spe6tantem3
1892 339 1929 369 Et
1946 339 2106 377 diriguntur
2119 338 2157 367 he
2171 338 2262 369 Litere
2276 340 2379 372 Pateii-
2423 345 2510 383 1637.

1320 383 1361 404 tes
1382 375 1552 407 Reverendo
1577 379 1606 407 in
1622 378 1739 408 Christo
1762 378 1835 408 Patri
1848 388 1880 407 ac
1898 377 2032 407 Domino
2046 376 2183 416 Josepho,
2199 379 2380 414 permissione
2405 385 2455 408 Aa.
2477 392 2518 419 ¹3-

1321 413 1420 443 divina
1436 417 1544 445 Exom'e
1561 416 1714 454 Episcopo.
2407 423 2468 449 Cur.
2485 431 2510 452 i.

1359 451 1446 484 Teste
1464 453 1546 493 Rege
1561 456 1636 493 apud
1654 454 1931 494 westmonasterium,
1950 453 2027 485 sexto
2045 453 2090 483 die
2104 452 2200 491 Junii.

1740 533 1794 560 Per
1808 533 1901 560 Breve
1916 530 1947 559 de
1965 532 2085 560 Privato
2099 528 2208 568 Sigillo,
2231 528 2292 564 &a

1361 602 1508 640 Johannes
1527 607 1628 647 Burlye
1644 631 1654 646 ,
1677 607 1825 645 Clericus,
1843 608 1928 638 habet
1948 607 2107 637 consimiles
2130 606 2237 638 Literas
2257 608 2389 644 Parentes

1321 640 1356 669 de
1387 644 1588 679 presentatione
1615 647 1648 675 ad
1680 645 1823 676 Vicariam
1845 647 1879 676 de
1902 645 2063 675 Stokem'mm
2078 670 2087 683 ,
2114 655 2180 675 cum
2204 645 2327 686 Capellis
2346 652 2382 682 de

1323 677 1452 716 Shirford
1465 683 1496 711 &
1513 682 1668 722 Chevilston
1689 685 1818 722 annexis,
1837 686 1866 714 in
1883 685 2032 714 Comiratu
2050 688 2187 722 Devoni32
2205 687 2237 715 &
2254 686 2385 719 Diocesis

1321 717 1446 759 Erronie,
1466 730 1513 754 per
1535 730 1662 750 mortem
1687 722 1840 752 naturalem
1864 722 1941 760 Jone
1966 723 2045 753 Stiles
2071 724 2163 752 ultimi
2183 723 2382 757 incumbentis

1320 754 1428 795 ibidem
1448 757 1508 793 jam
1527 768 1691 796 vacantem,
1711 761 1743 789 &
1767 761 1801 790 ad
1825 761 1949 791 nostram
1969 762 2204 799 presentationem
2229 764 2312 800 pleno
2325 766 2387 803 jure

1321 792 1337 821 s
1352 796 1512 832 ectantem3
1531 795 1568 826 Et
1583 797 1741 834 diriguntur
1757 798 1795 827 he
1817 799 1907 828 Litere
1923 800 2052 831 Parentes
2066 800 2238 831 Reverendo
2254 804 2282 832 in
2295 803 2385 834 Chri-

1321 841 1367 899 so
1392 831 1468 863 Pan-i
1492 844 1525 864 ac
1550 835 1686 865 Domino
1708 836 1842 874 Joseplw,
1868 838 2048 874 permissione
2069 839 2167 870 divina
2190 842 2299 871 Exom'e
2317 842 2386 881 Epi-

1332 879 1370 899 co
1391 880 1419 899 o.

1360 879 1447 939 'feste
1468 909 1552 949 Rege
1567 911 1640 949 apud
1657 910 1931 951 Wstmonaslerium,
1947 915 2049 950 quinto
2068 916 2114 946 die
2130 915 2223 954 Junii.

2445 629 2491 656 50.

1746 990 1800 1018 Per
1820 992 1913 1019 Breve
1930 990 1962 1020 de
1982 992 2102 1021 Privato
2121 993 2228 1033 Sigillo,
2244 993 2306 1029 &ss

1366 1064 1487 1093 Brianus
1503 1063 1616 1104 Smyth,
1636 1063 1781 1103 Clericus,
1806 1066 1890 1096 habet
1915 1067 2076 1098 consimiles
2095 1067 2200 1100 Literas
2216 1070 2344 1105 Parentes
2356 1074 2392 1106 de

1327 1101 1531 1139 presentatione
1551 1103 1586 1132 ad
1613 1103 1781 1134 Recioriarn
1804 1103 1930 1135 Ecclesie
1953 1104 2129 1137 Parochialis
2152 1111 2246 1138 Samsli
2264 1114 2393 1144 Nicholai
2456 1096 2504 1122 4⁹*

1330 1137 1453 1178 Yelford,
1472 1140 1603 1171 Diocesis
1625 1144 1743 1180 Oxonie,
1768 1152 1817 1179 per
1845 1152 1968 1173 mortem
1990 1146 2143 1176 naturalem
2165 1148 2255 1178 ultimi
2273 1149 2394 1182 Incum-

1329 1176 1421 1207 bentis
1440 1179 1547 1209 ibidem
1565 1179 1626 1217 jam
1647 1189 1796 1211 vacantem
1812 1203 1822 1218 ,
1850 1181 1883 1211 &
1901 1181 1935 1211 :id
1955 1182 2079 1213 nostram
2098 1185 2332 1221 presentationem
2352 1201 2395 1222 ra-

1330 1216 1409 1246 tione
1428 1218 1547 1247 minoris
1565 1219 1644 1247 etatis
1661 1218 1803 1255 Johannis
1822 1219 1952 1258 Hastings
1973 1230 2025 1257 pro
2044 1223 2097 1253 hac
2116 1224 2179 1254 vice
2196 1227 2390 1265 spectantem,-

1330 1253 1370 1284 Et
1388 1255 1550 1292 diriguntur
1567 1256 1603 1286 he
1622 1256 1717 1287 Litere
1739 1258 1865 1288 Parentes
1891 1258 2064 1290 Reverendo
2083 1264 2111 1292 in
2128 1262 2247 1295 Christo
2266 1266 2342 1297 Patri
2359 1277 2393 1298 ac

1333 1292 1471 1325 Domino
1489 1294 1633 1332 Johanni,
1654 1296 1834 1332 permissione
1847 1297 1945 1328 divinit
1960 1301 2064 1329 Oxonie
2083 1300 2228 1340 Episcopo

1367 1332 1398 1400 f
1400 1332 1456 1369 este
1474 1333 1555 1373 Rege
1573 1333 1646 1372 apud
1673 1334 1933 1375 Wstmonaslerium
1949 1360 1959 1375 ,
1984 1338 2121 1370 vicesimo
2145 1341 2252 1373 oetavo
2277 1343 2322 1375 di'e
2348 1348 2397 1375 A·

1329 1377 1374 1409 prz
1386 1382 1419 1401 ιε.

1812 1415 1867 1444 Per
1883 1417 1978 1445 Breve
1994 1415 2026 1445 de
2041 1419 2164 1447 Privato
2180 1417 2290 1459 Sigillo,
2302 1419 2365 1455 &c.

1374 1485 1542 1516 PVillielmus
1562 1488 1671 1525 White,
1695 1488 1843 1528 Clericus,
1863 1490 1948 1522 habet
1970 1493 2129 1525 consimiles
2154 1494 2262 1526 Literas
2273 1496 2404 1529 Parentes

1339 1524 1375 1554 de
1383 1525 1589 1562 presentatione
1597 1526 1630 1555 ad
1639 1527 1782 1558 Vicariam
1791 1529 1847 1559 sive
1856 1528 2012 1561 Ecclefiam
2024 1532 2217 1563 Parocliialem
2228 1535 2263 1565 de
2274 1537 2405 1573 PVargra-

1338 1573 1394 1601 ve,
1416 1563 1545 1593 Diocesis
1561 1567 1676 1602 Sarum,
1692 1566 1753 1602 jam
1776 1576 1925 1597 vacantem
1937 1592 1945 1606 ,
1967 1570 2000 1600 &
2024 1571 2057 1599 ad
2077 1570 2203 1602 nostram
2223 1574 2405 1612 presentatio-

1339 1611 1408 1632 nem
1424 1612 1478 1639 pro
1494 1601 1608 1633 defeciu
1624 1603 1795 1634 liberationis
1814 1605 1944 1635 Richardl
1959 1608 2061 1637 Nevill
2075 1611 2219 1647 Armigeri
2237 1614 2253 1642 ὲ
2269 1613 2401 1643 manibus

1339 1639 1440 1670 nostris
1455 1641 1664 1679 prosequende,
1683 1652 1735 1679 pro
1750 1643 1804 1674 hac
1827 1646 1891 1674 vice
1909 1645 2102 1686 spe&antem3
2137 1648 2175 1679 Et
2189 1649 2348 1689 diriguntur
2368 1653 2404 1682 he

1339 1679 1436 1709 Litere
1458 1679 1586 1710 Patentes
1601 1679 1775 1712 Reverendo
1793 1683 1820 1712 in
1836 1682 1953 1715 Christo
1967 1685 2043 1716 Patri
2058 1697 2091 1716 ac
2107 1687 2245 1719 Domino
2260 1688 2405 1728 Johanm,

1338 1717 1522 1755 permissione
1543 1719 1641 1749 divine
1652 1723 1752 1749 Sarum
1769 1720 1926 1760 Episcopo.

1366 1757 1405 1787 'T
1406 1752 1464 1787 este
1483 1755 1566 1796 Rege
1585 1759 1658 1795 apud
1677 1758 1938 1800 Westmonasterium
1947 1785 1957 1800 ,
1977 1762 2094 1794 decimo
2111 1764 2219 1795 oeravo
2238 1765 2284 1797 die
2299 1769 2382 1798 Maii.

2465 1503 2513 1540 48.

1761 1839 1815 1867 Per
1833 1841 1927 1868 Breve
1945 1839 1978 1868 de
1996 1842 2117 1871 Privato
2135 1841 2244 1881 sigillo,
2261 1840 2324 1877 ὥς.

1379 1909 1546 1942 Willielmus
1564 1912 1727 1952 Brackstone
1735 1917 1752 1952 ,'
1770 1913 1922 1954 Clericus,
1941 1915 2024 1947 habet
2045 1918 2204 1949 consimiles
2224 1918 2332 1950 Literas
2350 1920 2403 1951 Pa·
2464 1938 2511 1966 47⁴

1340 1957 1433 1980 tentes
1464 1949 1500 1980 de
1528 1951 1732 1988 presentatione
1759 1953 1792 1983 ad
1820 1953 1991 1985 Rectoriam
2020 1955 2145 1988 Ecclesie
2177 1957 2346 1989 parochialis
2366 1959 2401 1989 de

1332 1988 1494 2057 ⁴I‘Viiqlfhrd,
1516 1989 1645 2021 Diocesis
1661 1990 1836 2031 Gloucestrie,
1859 1995 1874 2010 ⁴*
1894 1993 1955 2031 jam
1980 2004 2149 2032 vacantem,
2168 1997 2200 2027 &
2223 1997 2257 2027 ad
2279 1997 2403 2027 nostram
2443 2006 2538 2035 *xx

1340 2036 1391 2065 pre
1404 2029 1579 2059 entationem
1603 2031 1715 2061 ratione
1735 2031 1853 2061 minoris
1873 2032 1951 2062 etatis
1974 2033 2108 2063 Wllielmi
2127 2034 2255 2073 Johnfim
2273 2046 2326 2074 pro
2350 2036 2404 2066 hac
2431 2044 2493 2073 218,

1341 2067 1408 2096 vice
1418 2066 1609 2103 spectantem·
1643 2068 1681 2100 Et
1696 2069 1860 2104 diriguntur
1876 2071 1912 2100 he
1934 2070 2028 2101 Litere
2043 2072 2171 2103 Parentes
2188 2073 2361 2105 Reverendo
2376 2076 2407 2105 in

1342 2103 1464 2173 {Ilii-sisto
1486 2105 1564 2137 Patri
1588 2091 1728 2139 ffiomino
1751 2107 1880 2147 Godfrido
1892 2131 1903 2147 ,
1928 2109 2110 2148 permissione
2130 2111 2229 2143 divinfi
2246 2112 2407 2152 Gloucestrie

1373 2153 1400 2180 pi
1413 2153 1500 2181 copo.

1376 2181 1467 2214 Teste
1478 2182 1565 2221 Rege
1582 2184 1655 2222 apud
1675 2183 1946 2225 Wstmonaslerium,
1964 2187 2101 2220 vicesimo
2121 2198 2221 2228 quarto
2238 2188 2285 2220 die
2304 2192 2389 2221 Maii.

1763 2264 1818 2293 Per
1836 2266 1930 2294 Breve
1947 2265 1979 2294 de
2000 2267 2119 2296 Privato
2137 2265 2245 2306 Sigillo,
2263 2266 2324 2302 &aa

1378 2340 1506 2377 Georgius
1521 2338 1602 2378 Jay,
1630 2338 1776 2378 Clericus,
1808 2341 1893 2372 habet
1918 2341 2077 2373 consimiles
2097 2343 2204 2374 Literas
2222 2344 2353 2375 Parentes
2372 2343 2409 2375 de
2464 2357 2511 2392 45,

1361 2376 1546 2408 resentatione
1575 2377 1611 2408 ad
1635 2377 1804 2409 Redi-oriam
1829 2379 1957 2411 Ecclesie
1987 2382 2153 2418 parochialis
2175 2383 2210 2413 de
2235 2383 2406 2422 Bugbroake,

1376 2416 1473 2446 iocesis
1489 2416 1716 2457 Petriburgergfis,
1730 2418 1790 2456 jam
1806 2427 1857 2458 per
1871 2427 1996 2449 mortem
2012 2421 2162 2451 naturalem
2179 2420 2269 2451 ultimi
2287 2422 2406 2453 sncuin-

1340 2455 1432 2485 bentis
1446 2454 1564 2485 'ibidem
1585 2465 1756 2494 vacantem,
1770 2467 1804 2487 ac
1831 2457 1865 2487 ad
1888 2457 2014 2488 nostram
2031 2458 2262 2498 presentationem
2284 2470 2333 2497 per
2348 2461 2404 2499 lap-

1339 2493 1402 2525 sum
1422 2495 1579 2532 temporis,
1598 2494 1655 2524 sive
1670 2504 1719 2532 per
1735 2497 1904 2533 pravitatem
1918 2496 2067 2535 Simonie,
2085 2507 2133 2528 aut
2147 2498 2241 2536 aliquo
2256 2499 2310 2528 alio
2330 2509 2404 2535 quo-

1339 2542 1456 2570 cunque
1471 2532 1563 2564 modo
1580 2542 1634 2571 pro
1653 2533 1708 2564 hac
1728 2534 1793 2565 vice
1812 2535 2005 2573 speetantem3
2024 2535 2062 2566 Et
2081 2536 2239 2575 diriguntur
2254 2538 2288 2567 lie
2307 2538 2403 2569 Litere

1343 2568 1477 2602 Patentes
1499 2571 1674 2602 Reverendo
1692 2573 1721 2601 i'n
1744 2571 1860 2602 Christo
1885 2573 1982 2612 Patri,
2001 2573 2141 2605 Domino
2163 2576 2322 2615 Francifco,
2341 2586 2403 2615 per-

1341 2610 1474 2641 missione
1493 2610 1590 2641 divina
1606 2609 1806 2649 Petriburgensi
1820 2611 1971 2651 Episcopo.

1379 2647 1469 2679 Teste
1485 2648 1566 2687 Rege
1581 2648 1656 2687 apud
1670 2647 1943 2689 Westmonafierium,
1962 2651 2101 2682 vicesimo
2114 2652 2209 2692 primo
2225 2652 2272 2683 die
2289 2655 2373 2683 Maii.

1823 2729 1877 2757 Per
1895 2731 1990 2758 Breve
2003 2728 2036 2758 a'e
2050 2731 2169 2759 Privato
2183 2729 2289 2768 sigillo,
2308 2728 2370 2765 &en

1377 2801 1489 2833 Samuel
1502 2800 1660 2841 Kynaston,
1682 2802 1829 2842 Clericus,
1851 2804 1936 2834 babet
1960 2806 2122 2836 consimiles
2145 2807 2252 2838 Literas
2276 2807 2404 2838 patentes
2464 2831 2481 2857 4

1343 2840 1379 2872 de
1399 2841 1602 2880 presentatione
1623 2841 1658 2871 ad
1681 2840 1851 2873 Redtoriam
1872 2842 1999 2874 Ecclesie
2020 2845 2182 2880 parochialis
2204 2848 2240 2875 de
2255 2847 2342 2876 Great
2359 2849 2407 2875 So·
2484 2833 2510 2860 5'

1344 2878 1466 2917 merford
1483 2879 1551 2910 alias
1572 2877 1728 2918 Somerford
1742 2883 1863 2918 Magna,
1882 2882 1909 2911 in
1928 2881 2075 2914 Comitatu
2093 2883 2193 2922 Wilts,
2213 2884 2341 2914 Diocesis
2355 2889 2407 2913 Sa·

1343 2928 1423 2955 rum,
1440 2927 1488 2955 per
1513 2927 1638 2948 mortem
1660 2919 1813 2950 naturalem
1838 2919 1928 2950 ultimi
1946 2920 2142 2952 Incumbentis
2161 2922 2266 2952 ibidem
2278 2924 2336 2959 jam
2357 2933 2406 2952 va-

1344 2965 1476 2995 cantem,
1496 2958 1530 2988 &
1552 2956 1586 2987 ad
1609 2957 1734 2987 nostram
1751 2960 1984 2995 presentationem
2001 2959 2057 2990 sive
2073 2970 2124 2997 pro
2138 2961 2250 2991 defec'cii
2266 2962 2409 2991 liberatio-

1346 2995 1389 3026 nis
1409 2994 1520 3025 Roberti
1541 2995 1630 3034 ‘Jafim
1649 3005 1665 3026 e
1680 2998 1810 3027 manibus
1826 2997 1927 3027 nostiis
1943 2999 2150 3037 prosequende,
2168 3008 2215 3030 aut
2232 3000 2339 3029 ratione
2363 3009 2408 3029 ut-

1345 3034 1447 3072 lagarie
1470 3034 1611 3072 ejusdem,
1629 3042 1677 3064 aut
1693 3045 1741 3072 per
1755 3036 1919 3072 pravitatem
1933 3036 2061 3066 Simonie
2076 3036 2131 3066 five
2147 3037 2241 3075 aliquo
2257 3038 2312 3067 alio
2329 3047 2402 3075 quo-

1345 3082 1459 3110 cunque
1480 3073 1573 3103 modo
1588 3082 1640 3109 pro
1657 3073 1709 3102 hac
1725 3075 1789 3103 vice
1804 3075 1995 3112 spec‘tantem3
2030 3074 2069 3105 Et
2082 3075 2239 3113 diriguntur
2255 3076 2290 3105 he
2308 3075 2401 3105 Litere

1345 3110 1474 3141 Parentes
1486 3110 1662 3140 Reverendo
1687 3112 1716 3140 in
1739 3111 1860 3142 Christo
1876 3112 1969 3150 Patri,
1981 3122 2014 3142 ac
2028 3112 2163 3144 Domino
2177 3113 2306 3152 Johanni
2315 3137 2324 3152 ,
2343 3124 2406 3154 per-

1346 3148 1479 3178 missione
1502 3147 1598 3177 divini
1613 3151 1711 3177 Sarum
1724 3148 1877 3188 Episcopo.

1386 3185 1476 3254 'lI'este
1506 3185 1593 3223 Rege
1618 3186 1693 3223 apud
1715 3187 1984 3228 Wcstmonaslerium,
2009 3198 2114 3227 quarto
2144 3190 2262 3221 decimo
2287 3189 2334 3221 die
2361 3193 2409 3221 A—

1362 3234 1385 3254 ΓΙ
1396 3235 1431 3255 15.

1341 3231 1361 3263 p
1796 3266 1851 3295 Per
1866 3268 1962 3295 Breve
1983 3265 2015 3295 de
2029 3268 2149 3296 Privato
2163 3266 2257 3304 Sigillo
2266 3290 2275 3306 ,
2287 3265 2348 3302 ὀί.

1386 3340 1517 3371 Robertus
1529 3340 1622 3379 Field,
1641 3339 1788 3379 Clericus,
1813 3342 1847 3372 A.
1866 3341 1913 3372 M.
1939 3341 2024 3373 habet
2047 3343 2204 3374 consimiles
2224 3343 2332 3375 Literas
2350 3344 2406 3376 Pa-

1347 3387 1438 3411 tentes
1450 3379 1486 3410 de
1501 3380 1706 3417 presentatione
1720 3380 1754 3411 ad
1769 3380 1910 3411 Vicariam
1926 3391 2090 3420 perpetuam
2107 3382 2234 3414 Ecclesie
2253 3383 2401 3420 parochia·
2475 3376 2520 3404 37*

1348 3419 1380 3449 lis
1399 3419 1437 3449 de
1455 3419 1586 3456 Wking,
1606 3418 1738 3449 Diocesis
1757 3420 1789 3450 &
1808 3419 2006 3457 iurisdidtionis
2027 3424 2181 3459 Wintonie,
2202 3431 2250 3459 per
2273 3431 2398 3452 mortem

1346 3457 1500 3488 naturalem
1516 3457 1610 3487 ultimi
1624 3455 1820 3488 Incumbentis
1835 3457 1944 3488 ibidem
1954 3459 2014 3496 jam
2030 3459 2170 3496 legittime
2185 3461 2218 3490 ὃ(
2233 3460 2269 3490 de
2280 3461 2343 3498 jure
2354 3471 2403 3490 va-

1346 3504 1480 3531 cantem,
1499 3496 1531 3526 &
1551 3495 1585 3525 ad
1603 3495 1728 3526 nostram
1753 3496 1988 3533 presentationem
2010 3507 2061 3534 pro
2080 3498 2194 3529 defecstu
2218 3499 2406 3529 Liberationis

1346 3534 1448 3574 Jacobi
1469 3533 1562 3564 Zouch
1584 3534 1666 3565 Armi
1687 3535 1741 3571 eri,
1760 3537 1776 3564 e
1796 3535 1925 3565 manibus
1941 3534 2039 3565 nostris
2063 3537 2253 3575 prosequende
2274 3548 2328 3575 pro
2351 3538 2402 3567 hic

1347 3574 1412 3603 vice
1431 3572 1621 3611 spe&antem;
1661 3543 1699 3603 {t
1713 3573 1873 3610 diriguntur
1888 3573 1923 3603 he
1941 3572 2035 3604 Litere
2049 3573 2178 3606 Parentes
2190 3575 2362 3607 Reverendo
2374 3577 2403 3605 in

1347 3611 1467 3680 ghristo
1481 3610 1608 3642 Patriae
1631 3610 1766 3642 Domino
1785 3611 1925 3650 Waltero,
1943 3612 2121 3650 providentis.
2144 3614 2241 3646 divina
2263 3617 2404 3644 Wintonie

1396 3651 1453 3680 isco
1474 3661 1503 3681 o.

1347 3727 1364 3757 b
1376 3659 1476 3721 F'‘I'estlsz
1495 3687 1578 3726 Rege
1603 3687 1676 3728 apud
1703 3686 1979 3727 Westmonasterium,
1996 3690 2081 3721 tertio
2101 3689 2218 3723 decimo
2233 3691 2279 3722 die
2294 3694 2407 3722 Decem-

1366 3737 1414 3758 rts.

1820 3765 1876 3793 Per
1893 3767 1989 3796 Breve
2006 3766 2039 3796 de
2058 3769 2183 3799 Privato
2199 3768 2308 3807 Sigillo,
2325 3768 2386 3805 &a

1385 3842 1515 3873 Robertus
1535 3841 1655 3878 Brooke,
1682 3839 1810 3870 Clericus
1824 3862 1834 3877 ,
1858 3840 1943 3872 habet
1970 3843 2127 3874 consimiles
2156 3845 2262 3876 Literas
2280 3846 2409 3876 Parentes
2477 3859 2520 3895 3⁶⁴·

1349 3881 1386 3912 de
1409 3880 1608 3918 presentatione
1627 3878 1662 3908 ad
1683 3878 1849 3908 Rectoriam
1864 3878 1988 3911 Ecclesie
2007 3883 2171 3918 parochialis
2188 3884 2224 3913 de
2238 3884 2408 3921 Lavglmrue

1349 3921 1414 3950 alias
1428 3917 1638 3953 Talangharne,
1657 3916 1787 3947 Diocesis
1807 3917 1840 3948 &
1855 3918 2060 3955 jurisditstionis
2073 3926 2263 3964 Afferzevensis,
2284 3936 2331 3963 per
2349 3926 2409 3963 lap-

1349 3959 1410 3988 sum
1434 3956 1568 3992 temporis
1580 3956 1639 3992 jam
1657 3964 1823 3993 vacantem,
1843 3958 1875 3988 &
1895 3957 1937 3999 ad·
1951 3959 2076 3989 nostram
2096 3963 2334 3998 presentationem
2356 3974 2408 4000 pro

1349 3996 1403 4025 hac
1422 3995 1485 4023 vice
1500 3992 1691 4030 specstantemi,
1721 3992 1760 4023 Et
1778 3994 1934 4031 diriguntur
1953 3997 1989 4027 he
2010 3997 2104 4030 Litere
2123 4001 2249 4032 Parentes
2266 4002 2410 4032 Reveren-

1349 4033 1388 4063 do
1416 4033 1443 4061 in
1461 4030 1580 4060 Christo
1600 4029 1675 4061 Patri
1692 4040 1725 4062 ac
1746 4031 1881 4064 Domino
1899 4036 2019 4075 Rogero,
2035 4038 2217 4075 permissione
2234 4040 2333 4072 divina
2348 4047 2413 4073 Me-

1351 4068 1466 4108 nevenfi
1482 4068 1633 4106 Episcopo.
2021 4082 2023 4085 ·

2329 4118 2418 4151 Teste
