2561 4263
95 136 146 176 88

0 234 19 254 i.
33 220 78 252 D.
102 218 212 250 ibidem
225 219 283 258 jam
297 225 470 256 vacantem,
489 216 522 247 &
535 215 569 246 ad
584 214 712 246 nostram
737 211 973 251 presentationem
996 209 1082 248 pleno
1100 209 1162 246 jure

4 262 52 301 36.

4 310 60 368 .“.’.

0 468 46 497 43·

0 1006 54 1033 4²·

2 1501 64 1537 [μζ

8 1990 67 2017 ¹40·

21 2432 92 2461 ><X.

0 2478 69 2505 ¹²9·

12 2768 73 2806 138.

31 3286 94 3314 537.

38 3739 101 3774 136.

102 259 296 296 mediantem,
314 257 352 288 Et
370 256 527 294 diriguntur
541 255 578 284 he
597 254 692 284 Litere
708 250 879 283 Reverendo
892 252 921 280 in
942 249 1060 279 Christo
1084 244 1161 278 Patri

103 306 137 328 ac
155 297 292 328 Domino
306 296 438 326 Domino
452 292 583 323 Mattheo
596 289 763 329 Norwicensz
779 289 932 327 Episcopo.

142 335 233 367 Teste
249 335 335 372 Rege
352 333 427 372 apud
441 330 711 372 Westmonasterium,
726 329 803 358 sexto
818 326 866 357 die
880 323 1000 364 Aprilis.

659 370 714 398 Per
729 370 824 396 Breve
846 365 878 394 de
891 367 1011 394 Privato
1026 360 1128 400 sigillo.

145 449 304 482 Willis-lmus
319 446 456 487 Clemfim,
474 446 621 484 Clericus,
639 443 668 475 S.
687 443 729 474 T.
749 442 781 473 B.
802 441 886 483 habet
903 438 1068 481 consimiles
1088 438 1167 468 Lite-

115 500 157 521 ras
176 490 305 520 Parentes
324 488 360 517 de
379 486 582 524 presentatione
601 484 634 514 ad
654 482 822 513 Reeionam
839 484 894 509 sive
903 478 1061 508 Ecclesiam
1080 477 1170 506 Paro·

117 529 240 559 chialem
259 527 294 556 de
313 524 488 563 Hemingston
505 525 534 553 in
554 522 704 552 Comitatu
722 516 1000 557 Suffolcie,Diocesis
1009 517 1171 545 Norwicen-

108 567 167 606 fis,
187 568 247 605 jam
266 573 433 600 vacantem,
452 563 485 593 &
508 561 544 592 ad
564 559 690 590 nostram
704 558 890 588 donationem
905 555 962 585 sive
987 553 1172 592 presentatio-

114 615 201 642 nem,
220 604 324 634 ratione
340 602 457 631 minoris
467 601 547 630 etatis
560 598 704 637 Johanm's
718 594 846 634 Aylemer
867 593 917 623 filii
937 595 970 625 ὃς
992 592 1101 623 heredis
1119 594 1173 620 Sa-

114 643 207 673 muelis
222 640 350 679 Aylemer
363 638 508 675 defuncti,
526 637 581 666 sive
599 636 710 666 ratione
728 632 903 664 liberationis
923 633 940 661 e
963 632 1095 662 manibus
1116 639 1173 660 no-

115 681 177 712 stris
193 679 256 716 post
272 687 396 708 mortem
417 675 546 706 Samuelis
565 673 695 710 Aylemer
719 671 839 710 predicti
864 671 986 700 minime
1000 669 1174 738 lprosecute,

116 730 171 757 pro
190 720 243 748 hac
266 718 330 746 vice
354 715 524 756 spectantem
543 724 554 751 3
591 712 628 743 Et
647 711 806 750 diriguntur
831 709 867 738 he
888 708 984 739 Litere
1032 706 1175 738 everendo

118 768 147 787 in
167 754 284 786 Christo
303 754 374 784 Patri
394 763 428 784 ac
447 752 582 783 Domino
612 750 747 788 Matheo,
771 747 954 787 permistione
975 746 1074 777 divina
1099 747 1176 779 Nor-

118 794 223 834 wzcensl
237 792 394 831 Episcopo.

156 832 244 862 Teste
268 832 350 869 Rege
372 828 448 868 apud
481 826 740 867 Wstmonasterium
759 848 769 864 ,
806 824 947 855 vicesimo
979 823 1104 862 septimo
1129 821 1177 852 die

120 874 231 902 Marcii.

659 904 715 932 Per
734 904 828 933 Breve
851 902 884 932 de
902 902 1025 931 Privato
1043 898 1146 938 Sigillo.

158 985 274 1016 Thomas
296 980 459 1020 Arthbold,
486 979 632 1017 Clericus,
657 978 695 1010 A.
715 977 762 1008 M.
787 979 872 1009 habet
898 977 1056 1008 consimiles
1076 975 1183 1006 Literas

120 1025 253 1057 Patentes
274 1023 310 1053 de
330 1020 536 1061 presentatione
557 1017 593 1049 ad
616 1017 788 1049 Recioriam
808 1016 933 1048 Ecclefie
955 1014 1126 1046 parochialis
1145 1015 1181 1044 de

122 1063 246 1094 Abbotts
263 1065 410 1097 Moreton,
429 1059 459 1088 in
475 1057 624 1088 Comitatu
640 1058 673 1088 δε
684 1054 810 1086 Diocese
825 1058 975 1093 Wigornie,
992 1064 1042 1094 per
1055 1061 1182 1084 mortem

124 1101 276 1133 naturalem
298 1098 390 1129 ultimi
412 1096 608 1128 Incumbentis
632 1094 739 1125 ibidem
751 1095 812 1133 jam
836 1103 1006 1131 vacantem,
1025 1093 1058 1124 &
1081 1092 1114 1122 ad
1127 1101 1184 1121 no-

124 1140 209 1171 stram
230 1137 465 1177 presentationem
489 1136 600 1165 ratione
622 1134 740 1163 minoris
761 1132 840 1164 etatis
861 1131 971 1162 Ricardi'
994 1133 1106 1168 Lewit,
1125 1132 1183 1160 five

125 1189 178 1218 pro
192 1178 305 1208 det'eistu
320 1174 492 1206 liberationis
506 1172 630 1211 ejusdem
644 1181 660 1201 e
676 1171 806 1201 manibus
821 1170 923 1200 nostris
937 1170 1044 1209 sumpte
1053 1179 1120 1207 ,pro
1127 1169 1181 1198 hac

125 1219 192 1248 vice
203 1217 394 1253 spectantem,
412 1212 449 1243 Et
464 1212 630 1248 diriguntur
646 1211 682 1240 he
705 1209 800 1239 Litere
814 1208 988 1239 Reverendo
1009 1210 1039 1237 in
1060 1206 1183 1238 Christo

123 1255 204 1325 {an-i*
220 1265 254 1285 ac
270 1253 408 1284 Domino
423 1251 559 1281 Domino
582 1248 712 1288 Johanm‘
733 1246 916 1287 permissione
936 1247 1033 1278 divina
1052 1249 1183 1282 wigornie

172 1293 279 1330 iseopo.

152 1304 257 1362 pTeste
292 1329 378 1367 Rege
410 1327 485 1366 apud
519 1324 779 1364 Westmonallerium
805 1347 816 1362 ,
853 1331 954 1361 quarto
987 1323 1104 1354 decimo
1135 1320 1184 1352 die

124 1373 210 1401 Maii.

597 1404 651 1431 Ριν
669 1405 762 1432 Breve
781 1401 812 1431 de
833 1403 953 1431 Privato
971 1398 1071 1437 sigillo.

164 1485 295 1516 Andreas
322 1481 421 1520 Clare,
447 1479 594 1517 Clericus,
618 1478 647 1509 S.
667 1478 707 1508 T.
727 1476 760 1508 P.
782 1477 867 1508 habet
894 1476 1051 1507 consimiles
1079 1476 1186 1508 Literas

127 1525 258 1555 Patentes
275 1522 311 1552 de
327 1520 528 1559 presentatione
547 1518 583 1548 ad
604 1517 770 1548 Rei-:loriam
784 1517 842 1546 five
858 1515 1013 1546 Ecclesiam
1032 1516 1185 1546 Parochia-

128 1564 187 1594 lem
203 1563 239 1593 de
254 1558 434 1591 Heme-worth
450 1559 478 1587 in
502 1557 653 1587 Comitatu
676 1555 853 1594 Herrfordre,
879 1553 1008 1584 Diocesis
1026 1555 1185 1590 Lincolme,

130 1612 180 1641 per
206 1609 329 1632 mortem
353 1597 506 1628 naturalem
528 1595 620 1626 ultimi
647 1594 847 1624 Incumbentis
872 1593 979 1623 ibidem
997 1593 1057 1630 jam
1083 1602 1185 1622 vacan-

128 1651 188 1672 tem
211 1663 221 1678 ,
258 1640 292 1670 &
318 1636 353 1668 ad
386 1636 513 1666 nostram
539 1634 726 1670 donationem
754 1633 811 1662 five
834 1632 1074 1669 presentationem
1101 1632 1186 1661 ratio-

129 1690 165 1709 ne
186 1678 303 1709 minoris
321 1675 399 1706 etatis
419 1672 500 1703 Pault
520 1674 686 1701 Vicecon.itis
708 1673 832 1709 Baym'ng
849 1692 859 1708 ,
896 1669 950 1700 hac
970 1670 1034 1699 vice
1056 1668 1184 1706 specian-

129 1726 220 1754 tem,
257 1716 295 1745 Et
320 1714 475 1751 diriguntur
511 1711 547 1741 he
574 1710 668 1740 Litere
703 1709 875 1739 Reverendo
903 1709 931 1738 in
961 1707 1081 1737 Christo
1109 1707 1185 1738 Patri

128 1766 163 1786 ac
184 1755 319 1785 Domino
338 1752 472 1782 Domino
491 1749 619 1788 Johanm
638 1746 818 1786 permistione
831 1747 930 1777 divina
955 1746 1096 1776 Lincolnie
1116 1746 1186 1784 Epi-

128 1795 177 1825 sco
199 1804 226 1823 o.

163 1803 254 1863 ‘IHeste
272 1830 356 1867 Rege
373 1826 447 1868 apud
460 1825 606 1864 Canbury,
625 1824 861 1864 quinto—decimo
874 1822 921 1853 die
943 1821 1037 1861 Junii.

696 1865 751 1892 Per
766 1862 896 1893 Brevede
911 1863 1033 1893 Privato
1048 1859 1150 1900 sigillo.

166 1949 291 1985 Georgius
307 1948 478 1980 Beaumont,
495 1940 643 1978 Clericus,
667 1939 704 1970 A.
722 1939 770 1971 M.
795 1940 881 1970 habet
905 1938 1064 1970 confimiles
1080 1937 1189 1968 Literas

131 1986 263 2018 Parentes
275 1985 311 2015 de
329 1983 532 2021 presentatione
546 1980 581 2010 ad
596 1979 739 2009 Vicariam
755 1979 814 2009 sive
823 1977 980 2010 Ecclesiam
989 1977 1188 2009 Parochialem

131 2026 167 2056 de
185 2023 302 2062 Bately,
319 2023 347 2052 iii
367 2021 516 2051 Comitatu
533 2020 567 2050 &
587 2017 714 2048 Diocese
733 2018 854 2047 Eborum
865 2040 875 2055 ,
889 2017 948 2054 jam
967 2025 1116 2047 vacantem
1127 2038 1137 2054 ,
1156 2014 1189 2045 δε

130 2064 164 2095 ad
181 2062 306 2093 nostram
323 2060 558 2099 presentationem
580 2058 688 2088 ratione
705 2057 824 2086 minoris
837 2057 918 2087 etatis
933 2055 1076 2094 Johannis
1096 2053 1190 2093 Copley

132 2103 290 2140 Armigeri,
310 2110 362 2137 pro
375 2099 427 2128 hac
441 2098 504 2128 vice
523 2096 711 2133 spe-stantem,
735 2094 773 2125 Et
788 2094 948 2131 diriguntur
965 2094 999 2124 he
1017 2093 1113 2124 Litere
1128 2092 1189 2122 Re-

132 2140 333 2171 verendissimo
344 2139 371 2168 in
387 2135 505 2166 Christo
520 2134 597 2164 Patri
614 2144 646 2164 ac
672 2132 806 2163 Domino
826 2132 961 2162 Domino
982 2132 1100 2161 Ri·ardo
1122 2140 1189 2168 pro-

132 2180 255 2246 videnltia
271 2177 365 2207 divina
378 2173 539 2214 Eboracenfi
552 2172 776 2211 Archiepiscopo
785 2194 795 2211 ,
813 2171 915 2209 Anglie·
933 2170 1053 2202 Primati
1069 2170 1102 2201 &
1118 2170 1187 2200 Me-

130 2227 214 2250 troro
226 2225 311 2247 ttano.

167 2238 256 2287 {este
269 2253 352 2292 Rege
370 2251 443 2292 apud
459 2250 604 2289 Canbury,
620 2248 758 2279 vicesimo
773 2247 897 2279 secundo
920 2247 968 2283 die·
987 2246 1083 2285 Junii.

610 2290 665 2317 Per
684 2290 779 2317 Breve
799 2287 831 2317 de
853 2289 976 2316 Privato
993 2286 1093 2324 Sigillo.

165 2370 290 2410 Sampson
304 2366 451 2408 Jolmlc‘m,
470 2365 615 2402 Clericus,
641 2363 670 2394 S.
688 2363 728 2394 T.
748 2362 779 2393 B.
804 2363 890 2393 habet
909 2363 1054 2393 cosimilcs
1078 2362 1189 2393 Literas

131 2410 259 2442 Parentes
276 2409 312 2439 de
333 2409 350 2427 ³¹¹
376 2406 576 2444 presentatione
596 2403 630 2433 ad
648 2402 817 2432 Rectori'am
846 2401 902 2432 sive
921 2401 1080 2432 Ecclesiam
1098 2402 1186 2432 Paro-

129 2449 253 2480 cliialem
281 2447 317 2478 de
343 2445 475 2481 Fobbing,
503 2442 632 2473 Dioceiis
657 2441 791 2479 London,
819 2449 868 2478 per
889 2449 1014 2470 mortem
1031 2440 1187 2470 naturalem

130 2488 222 2519 ultimi
241 2485 434 2516 Incumbentis
453 2481 561 2512 ibidem
573 2481 633 2519 jam
652 2488 820 2516 vacantem,
846 2479 878 2509 &
897 2479 932 2508 ad
951 2478 1078 2508 nostram
1097 2478 1187 2508 dona-

128 2529 239 2558 tionem
258 2525 314 2555 five
333 2523 566 2560 presentationem
588 2518 674 2556 pleno
686 2519 748 2555 jure
767 2517 1005 2556 spectantem3Et
1025 2517 1186 2553 diriguntur

130 2567 166 2596 he
187 2565 281 2595 Litere
296 2559 468 2592 Reverendo
482 2560 512 2589 in
528 2555 646 2588 Christo
667 2557 787 2587 Patriae
805 2556 942 2586 Domino
951 2554 1187 2593 Willielmoffler-

132 2603 263 2635 missione
279 2600 378 2631 divina
393 2598 506 2628 London
522 2595 675 2634 Episcopo.
688 2632 698 2637 ,

166 2641 257 2672 Teste
270 2638 352 2677 Rege
367 2637 441 2675 apud
454 2636 596 2674 Canbury,
614 2635 752 2663 vicesimo
768 2632 894 2662 secundo
909 2631 956 2662 die
972 2631 1068 2670 Junii.

610 2674 663 2701 Per
681 2673 774 2700 Breve
788 2671 820 2700 de
837 2673 959 2701 Privato
974 2668 1153 2709 Sigillo,&t.

169 2753 274 2785 Daniel
292 2750 458 2791 lVacherley,
484 2748 615 2779 Clericus
630 2770 640 2785 ,
666 2747 703 2777 A.
722 2746 767 2776 M.
787 2747 872 2777 habet
896 2746 1057 2777 consimiles
1083 2745 1188 2776 Literas

133 2793 265 2825 Patentes
285 2791 320 2821 de
337 2788 540 2829 presentatione
557 2787 591 2816 ad
612 2786 783 2816 Rectoriam
800 2785 856 2814 five
871 2784 1028 2815 Ecclesiam
1039 2785 1190 2815 Parochia-

134 2833 192 2864 lem
212 2831 247 2861 de
263 2828 434 2867 Hemmgston
453 2827 482 2856 in
499 2825 648 2855 Comitatu
664 2823 765 2853 nostro
779 2823 917 2862 Suffivlcze,
936 2822 1190 2853 DiocesisNorwi—

136 2870 231 2910 cenfis,
250 2878 299 2906 per
316 2876 439 2897 mortem
455 2864 608 2894 naturalem
626 2862 719 2892 ultimi
734 2861 930 2892 Incumbentis
945 2861 1056 2891 ibidem
1065 2861 1126 2898 jam
1140 2871 1191 2890 va-

136 2918 268 2945 cantem,
292 2905 326 2936 &
346 2905 380 2935 ad
407 2902 530 2933 nostram
553 2902 742 2931 donationem
771 2901 827 2930 five
849 2900 1102 2937 presentationem,
1127 2900 1192 2938 quia

136 2947 281 2986 Johannes
294 2942 408 2980 Aylmer
424 2942 502 2971 heres
517 2939 646 2969 Samuelis
660 2938 775 2977 Aylmer
790 2939 931 2975 Armigeri
946 2947 1035 2975 nuper
1051 2938 1192 2975 defuncti,

135 2986 334 3017 liberationem
349 2983 425 3011 suam
441 2981 457 3009 ὲ
471 2979 559 3009 Curia
577 2976 669 3008 nostra
683 2977 858 3008 Wardorum
875 2977 1006 3005 nondum
1030 2976 1191 3014 acquisivit,

137 3025 192 3054 hac
218 3024 281 3053 vice
296 3020 499 3058 speeiantem3
537 3016 573 3046 Et
598 3017 754 3054 diriguntur
781 3015 818 3044 he
844 3014 937 3044 Litere
960 3013 1136 3044 Reverendo
1162 3014 1191 3043 in

138 3061 260 3093 Christo
278 3059 351 3090 Patri
369 3067 403 3088 ac
422 3056 556 3087 Domino
574 3054 725 3093 Mattheo,
751 3052 927 3092 providentia
952 3053 1050 3083 divina
1075 3054 1193 3081 Norwi-

140 3100 207 3140 cenfi
224 3098 375 3136 Episcopo.

174 3138 264 3170 Teste
275 3137 357 3175 Rege
373 3133 445 3172 apud
460 3132 603 3171 Canbury,
621 3129 758 3162 vicesimo
775 3129 897 3167 septimo
917 3128 961 3159 die
980 3127 1074 3167 Junii.

680 3170 734 3198 Per
751 3171 844 3197 Breve
863 3169 894 3197 de
912 3170 1032 3197 Privato
1050 3166 1151 3205 Sigillo.

182 3249 357 3292 Christofvrus
371 3246 516 3287 Nera-fied,
535 3245 683 3282 Clericus,
700 3243 719 3274 S
745 3243 784 3273 T.
798 3242 828 3272 Β.
852 3243 936 3274 habet
955 3243 1116 3274 consimiles
1148 3243 1197 3273 Li-

147 3298 216 3322 teras
232 3290 357 3319 l’atentes
371 3288 406 3318 de
420 3285 621 3326 presentatione
638 3283 673 3313 ad
692 3282 860 3315 Recitoriam
874 3281 1000 3312 Ecclelie
1023 3280 1196 3312 Parochialis

148 3330 186 3359 de
201 3326 368 3364 Halingbury
384 3328 489 3361 Magna
502 3323 564 3353 alias
588 3321 674 3350 Much
697 3320 890 3358 Halingbury,
914 3319 1044 3350 Diocesis
1063 3320 1196 3357 landon,

149 3369 207 3406 jam
227 3365 362 3403 legittime
381 3364 413 3394 &
431 3366 466 3393 de
481 3363 546 3400 jure
564 3368 734 3396 vacantem,
757 3359 790 3388 &
814 3358 848 3387 ad
866 3357 992 3387 nostram
1018 3358 1199 3395 presentatio-

150 3413 218 3436 nem
238 3413 285 3440 per
306 3400 421 3439 Lapsum
437 3399 574 3438 temporis
593 3398 648 3428 five
665 3407 715 3434 per
729 3396 896 3434 pravitatem
917 3396 1065 3434 Simonie,
1079 3404 1126 3426 aut
1143 3396 1199 3426 alio

151 3448 324 3482 quocunque
343 3439 430 3469 modo
445 3448 497 3476 pro
516 3439 570 3468 hac
587 3436 652 3467 vice
664 3435 853 3473 spedtantem3
871 3433 906 3464 Et
924 3434 1079 3472 diriguntur
1097 3434 1131 3464 he
1150 3434 1200 3463 Li-

151 3491 211 3514 tere
226 3477 399 3510 Reverendo
417 3478 444 3506 in
464 3475 581 3506 Christo
599 3474 673 3505 Patri
690 3482 724 3504 ac
738 3471 891 3510 Domino,
904 3471 1039 3501 Domino
1058 3472 1200 3504 Willielmo

153 3516 333 3587 plermiffione
351 3515 446 3545 divina
462 3514 578 3544 London
596 3512 759 3551 Episcopo,
785 3510 910 3541 Summo
925 3510 1115 3541 Thesaurario
1130 3513 1199 3541 An-

179 3569 212 3588 le.

149 3570 168 3597 g
193 3592 282 3627 Teste
297 3591 380 3630 Rege
392 3590 467 3628 apud
483 3590 629 3628 aubery,
644 3589 742 3627 primo
753 3587 800 3618 die
813 3586 898 3626 Julii.

706 3640 760 3668 Per
774 3640 866 3667 Breve
883 3634 915 3665 de
931 3636 1052 3664 Privato
1065 3635 1165 3673 Sigillo.

190 3724 322 3752 Henricus
335 3718 449 3753 Adam,
464 3715 610 3752 Clericus,
624 3715 663 3745 A.
677 3713 723 3745 M.
740 3714 825 3743 habet
839 3711 1001 3742 consimiles
1024 3711 1130 3742 Literas
1146 3711 1201 3742 Pa-

153 3770 243 3793 tentes
256 3759 291 3790 de
302 3756 503 3798 presentatione
516 3754 550 3784 ad
568 3755 710 3785 Vicariam
725 3750 851 3782 Ecclefie
866 3749 1033 3780 Parochialis
1048 3751 1084 3780 de
1099 3752 1201 3779 Dews-

153 3800 219 3839 bury
228 3821 238 3836 ,
252 3796 382 3827 Diocesis
394 3793 531 3829 Eburum,
545 3801 592 3830 per
612 3799 736 3820 mortem
749 3788 902 3820 naturalem
919 3789 1009 3818 ultimi
1024 3787 1201 3819 Incumben-

152 3840 188 3871 tis
204 3835 311 3868 ibidem
322 3835 380 3872 jam
391 3840 558 3867 vacantem,
577 3830 610 3860 ὃς
625 3829 659 3858 ad
673 3828 798 3858 nostram
812 3827 997 3858 donationem
1012 3826 1069 3856 five
1089 3827 1200 3864 presen-

152 3878 291 3909 tationem
312 3872 398 3910 pleno
416 3870 478 3906 jure
499 3867 689 3905 spe&aiitem;
707 3866 745 3896 Et
757 3867 913 3904 diriguntur
929 3865 964 3895 he
988 3864 1082 3894 Litere
1104 3864 1201 3895 Reve-

151 3912 319 3946 rendiffimo
343 3911 374 3940 in
395 3906 516 3938 Christo
533 3905 624 3941 Patri,
644 3914 677 3934 ac
697 3903 832 3934 Domino
845 3903 1003 3943 predile6t0
1018 3903 1051 3933 &
1066 3912 1200 3942 perquam

153 3954 227 3984 fideli
244 3947 415 3981 Consiliario
432 3944 533 3975 nostro
548 3941 662 3986 Ricardo
679 3941 854 3978 providentia
877 3942 990 3980 divina,
1007 3941 1128 3972 Eboruna
1142 3941 1201 3973 Ar-

151 3989 355 4030 chiepiscopo,
369 3983 472 4023 Anglie
487 3981 606 4013 Primatt
616 3980 649 4011 &
665 3979 911 4018 Metropolitano.

551 118 1364 171 coNVENrioNE&

1438 116 1828 168 LITERAE‚

1238 203 1331 237 Teste
1346 203 1429 242 Rege
1443 202 1518 242 apud
1534 202 1674 242 Canbury,
1690 202 1831 234 vicesimo
1845 209 1925 231 nono
1939 200 1987 232 die
2001 200 2099 240 Junii.

1755 243 1810 270 Per
1827 243 1920 270 Breve
1939 240 1971 270 de
1990 242 2111 270 Privato
2128 235 2229 277 sigillo,

2280 196 2358 228 Ann.
2373 194 2415 227 D.

2270 259 2271 262 ¹
2303 237 2390 277 1636.

1242 319 1359 350 Thomas
1383 317 1493 356 Hughes
1503 341 1513 356 ,
1535 317 1686 355 Clericus,
1706 316 1743 346 A.
1757 315 1804 346 M.
1820 317 1905 347 habet
1919 316 2080 348 consimiles
2096 316 2205 347 Literas
2215 314 2272 346 Pa·
2281 278 2345 341 312.-
2356 284 2401 341 ιι2

1209 367 1300 388 tentes
1317 358 1353 388 de
1367 357 1575 394 presentatione
1592 357 1626 388 ad
1638 356 1805 386 Redioriam
1814 354 1941 385 Ecclesie
1958 355 2127 386 Parochialis
2142 356 2178 385 de
2190 354 2275 384 Thor-

1210 403 1314 439 (nerton
1329 396 1393 425 alias
1408 398 1570 424 Farmerton
1581 416 1592 433 ,
1611 394 1742 425 Diocesis
1757 393 1930 431 Glaucestrie,
1946 393 2007 430 jam
2032 394 2170 432 legittime
2194 393 2227 424 &
2242 393 2278 423 de

1211 444 1272 471 Jure
1287 442 1438 476 vacantem
1450 455 1459 470 ,
1481 434 1515 464 &
1538 433 1573 463 ad
1591 433 1717 463 nostram
1736 431 1974 473 presentationem
1998 431 2055 462 five
2075 432 2278 469 donationem,

1213 481 1267 509 pro
1283 471 1397 502 defeetu
1413 471 1586 502 liberationis
1597 471 1737 509 Johann:s
1749 468 1880 508 Afhfield
1899 468 2003 499 Wardi
2025 470 2113 500 nostri
2135 471 2190 501 hac
2213 471 2279 501 vice

1213 509 1418 580 {pediantem3
1445 508 1496 552 'Et
1525 509 1684 553 diriguntur
1713 510 1750 538 he
1778 510 1873 552 ¹4¹5st
1901 507 2077 551 Reverendo
2107 509 2135 538 in
2160 508 2280 554 Christo

1213 558 1338 625 scatssbac
1355 548 1493 578 Domino
1516 547 1651 585 Godthdo
1667 570 1677 584 ,
1712 548 1893 585 permistione
1915 546 2011 577 divma
2030 546 2189 585 Gloucestrie
2211 547 2281 584 Epi-

1242 625 1343 671 “Teste
1363 623 1447 664 Rege
1466 623 1541 662 apud
1560 621 1820 662 Wcflmonasterium
1840 646 1850 662 ,
1885 623 2022 654 vicesimo
2040 623 2142 662 quinto
2161 622 2208 653 die
2220 621 2284 661 Ju-

1218 676 1267 695 ’ω’
1768 701 1823 728 Per
1842 702 1935 729 Breve
1953 699 1986 729 de
2004 701 2125 730 Privato
2142 698 2245 738 Sigillo.

1259 779 1374 809 Thomas
1397 777 1508 816 Wecks,
1536 776 1688 815 Clericus,
1712 775 1743 806 S.
1767 775 1808 806 T.
1831 774 1863 806 B.
1887 776 1971 807 habet
1990 777 2150 807 consimiles
2175 776 2283 807 Literas

1223 818 1355 849 Parentes
1371 817 1407 847 de
1429 816 1633 854 presentatione
1649 819 1683 846 ad
1701 813 1884 845 prebendam
1903 815 1977 844 illam
1993 815 2028 844 de
2049 816 2233 853 anesbury,
2251 816 2281 844 in

1226 856 1353 886 Ecclesia
1369 854 1464 886 nostra
1483 854 1646 885 Cathedrali
1662 857 1735 883 Divi
1757 852 1838 882 Pauli
1854 853 2046 892 London,per
2063 855 2283 891 promotionem

1227 894 1392 926 Reverendi
1411 895 1440 923 in
1462 892 1580 923 Christo
1605 893 1714 930 Patris,
1741 902 1774 922 ac
1800 891 1928 921 Domini
1953 893 2060 928 Georgii
2081 902 2167 929 nuper
2181 891 2287 930 Brislol

1228 934 1362 973 Episcopi
1385 933 1418 962 ad
1442 931 1647 970 Episcopatum
1670 929 1846 970 Herifurdie,
1866 931 1925 968 jam
1943 938 2112 968 vacantem,
2134 931 2166 961 δε
2181 931 2216 960 ad
2230 941 2285 960 no-

1227 971 1314 1002 stram
1348 972 1534 1002 donationem
1568 971 1623 1000 sive
1660 969 1893 1008 presentationem
1921 968 1974 998 liac
1999 969 2064 998 vice
2089 970 2288 1006 mediantem,

1227 1011 1266 1041 Et
1285 1011 1444 1048 diriguntur
1459 1010 1495 1040 he
1512 1009 1610 1040 Litere
1626 1007 1748 1038 Decano
1765 1008 1798 1038 &
1814 1007 1950 1045 Capitulo
1966 1005 2096 1037 Eccleiie
2112 1007 2206 1037 nostre
2227 1006 2286 1037 Ca-

1227 1049 1356 1079 thedralis
1370 1051 1443 1078 Dtvi
1465 1046 1545 1077 Pauli
1560 1047 1682 1076 London.

1265 1087 1355 1118 Teste
1371 1086 1452 1125 Rege
1466 1085 1541 1125 apud
1557 1085 1682 1124 Canbury
1691 1107 1701 1123 ,
1727 1094 1808 1116 nono
1823 1083 1870 1114 die
1887 1083 1972 1123 Julii.

1778 1126 1832 1153 Per
1854 1125 1946 1152 Breve
1962 1122 1995 1152 de
2013 1123 2135 1152 Privato
2151 1121 2250 1161 sigillo.

1269 1200 1428 1241 Ambrofius
1452 1199 1561 1238 Mallon
1571 1222 1587 1242 ².
1606 1198 1753 1236 Clericus,
1782 1198 1818 1229 A.
1838 1198 1868 1229 B.
1885 1200 1973 1230 habet
1998 1199 2158 1231 consimiles
2178 1200 2288 1231 Literas

1228 1241 1360 1271 Parentes
1383 1241 1420 1269 de
1443 1244 1648 1275 presentatione
1666 1238 1700 1267 ad
1726 1237 1897 1268 Rctfiloriam
1923 1238 2048 1269 Eccleiic
2067 1239 2239 1270 Parochialis
2253 1240 2289 1269 de

1229 1282 1387 1309 Lanwerne
1397 1300 1407 1315 ,
1425 1279 1453 1320 in
1469 1277 1598 1307 Diocese
1612 1276 1874 1314 Lartdaverfi,iam
1889 1278 2094 1314 vacantem,&
2109 1278 2143 1308 ad
2161 1278 2288 1308 nostram

1228 1319 1418 1347 donationem
1434 1321 1490 1345 sive
1505 1317 1742 1354 presentationem
1753 1337 1762 1351 ,
1780 1324 1888 1344 ratione
1905 1316 2024 1345 minoris
2039 1317 2114 1345 etatis
2129 1316 2218 1345 Caroli
2228 1319 2290 1346 Van

1230 1366 1283 1394 pro
1299 1356 1352 1386 hac
1369 1356 1434 1385 vice
1449 1354 1641 1392 spectantem,
1659 1353 1694 1383 Et
1710 1354 1865 1391 diriguntur
1884 1353 1919 1382 lie
1939 1354 2034 1383 Litere
2045 1353 2173 1385 Patentes
2190 1355 2290 1386 Reve-

1230 1395 1321 1425 rendo
1336 1396 1364 1423 in
1379 1393 1495 1433 Christo
1513 1393 1587 1423 Patri
1602 1403 1635 1424 ac
1653 1393 1788 1422 Domino
1805 1390 1972 1429 Willielmo,
1991 1391 2172 1430 permistione
2194 1395 2290 1425 divina

1231 1434 1407 1470 Lamia-:ensi
1425 1430 1578 1470 Episcopo.

1267 1472 1356 1503 Teste
1370 1471 1453 1509 Rege
1469 1471 1543 1508 apud
1557 1469 1682 1509 Canbury
1695 1491 1704 1506 ,
1723 1467 1858 1499 vicesimo
1874 1466 1920 1497 die
1941 1467 2027 1506 Julii.

1777 1508 1831 1535 Per
1850 1509 1944 1535 Breve
1962 1507 1993 1535 de
2012 1509 2133 1537 Privato
2150 1507 2253 1545 sigillo.

1270 1585 1437 1617 U'illielmus
1451 1585 1586 1623 Kember,
1604 1584 1753 1620 Clericus,
1774 1583 1808 1612 A.
1827 1581 1876 1612 Μ.
1898 1582 1983 1613 habet
2003 1584 2162 1615 consimiles
2188 1585 2295 1616 Literas

1232 1624 1364 1656 Parentes
1384 1625 1419 1654 de
1446 1625 1650 1663 presentatione
1672 1631 1704 1652 ad
1730 1621 1898 1651 Rectorem
1923 1621 2048 1652 Ecclesic
2062 1622 2235 1654 parochialis
2257 1625 2293 1655 de

1231 1664 1432 1704 Symona'burne
1458 1664 1487 1691 in
1512 1662 1663 1691 Comitatu
1688 1659 1903 1697 Northumbrie,
1937 1659 2066 1690 Diocciis
2089 1662 2293 1702 Dunelmenfis,

1227 1703 1289 1740 jam
1306 1712 1353 1739 per
1370 1709 1498 1731 mortem
1516 1699 1670 1730 naturalem
1688 1699 1782 1728 ultimi
1801 1696 2000 1727 Incumbentis
2015 1699 2123 1729 ibidem
2133 1710 2278 1731 vacantem

1232 1742 1266 1771 &
1281 1741 1316 1770 ad
1334 1739 1459 1770 nostram
1478 1739 1714 1776 presentationem
1730 1737 1815 1774 pleno
1825 1736 1886 1774 jure
1902 1735 2092 1775 spectantem,
2112 1738 2150 1769 Et
2165 1725 2293 1778 dirigun³

1233 1788 1279 1810 tur
1294 1780 1332 1808 he
1351 1779 1443 1808 Litere
1457 1777 1588 1807 Patentes
1609 1782 1623 1793 '⁵
1647 1775 1819 1807 Reverendo
1834 1776 1863 1804 in
1875 1774 1995 1805 Christo
2011 1774 2087 1805 Patri
2104 1787 2136 1807 ac
2147 1777 2283 1809 Domino

1234 1818 1371 1848 Domino
1386 1816 1483 1845 :rhome
1499 1814 1680 1853 permissione
1693 1815 1788 1844 divina
1802 1814 1974 1853 Dunelmenfi
1996 1812 2149 1853 Episcopo.
2283 1801 2293 1817 ³

1270 1855 1358 1887 Teste
1377 1855 1461 1894 Rege
1476 1854 1550 1892 apud
1566 1853 1707 1894 Canbury,
1720 1852 1846 1883 secundo
1861 1852 1908 1882 die
1923 1851 2017 1889 Junii.

1783 1892 1836 1920 Per
1855 1893 1948 1921 Breve
1965 1891 1997 1920 de
2015 1893 2136 1921 Privato
2155 1892 2255 1931 sigillo.

1277 1970 1442 2005 Willielmus
1457 1969 1564 2008 Fuller,
1583 1969 1611 2000 S.
1627 1969 1668 2000 T.
1682 1967 1716 1999 P.
1733 1968 1766 2000 &
1785 1977 1856 1999 unus
1882 1967 2102 2008 Capellanoriirn
2126 1970 2290 2002 nostrorum

1237 2012 1458 2042 ordinariorum
1469 2033 1478 2048 ,
1496 2010 1581 2040 habet
1595 2007 1755 2038 consimiles
1770 2006 1876 2038 Literas
1892 2007 2020 2037 Parentes
2034 2007 2070 2038 de
2086 2010 2291 2046 presentatione

1234 2052 1269 2082 ad
1294 2050 1474 2080 Det-anatum
1496 2047 1620 2078 Ecclesie
1643 2046 1737 2077 nostre
1759 2045 1935 2076 Cathedrahs
1955 2046 1990 2075 de
2012 2046 2081 2084 Ely,
2101 2057 2149 2084 per
2162 2058 2287 2079 mortem

1235 2089 1390 2120 naturalem
1413 2087 1505 2118 ultimi
1530 2087 1644 2116 Decani
1666 2085 1772 2114 ibidem
1789 2085 1850 2122 jam
1873 2093 2041 2123 vacantem,
2060 2086 2091 2115 ὃς
2107 2086 2140 2116 ad
2156 2086 2287 2117 nostram

1233 2129 1422 2159 donationem
1437 2127 1524 2166 pleno
1533 2126 1595 2163 jure
1608 2124 1800 2162 spediantem,
1819 2122 1990 2154 Mandantes
2011 2124 2134 2164 Capitulo
2148 2124 2185 2159 ὠ
2202 2129 2289 2155 cano-

1233 2171 1318 2203 mcii,
1337 2166 1414 2203 quod
1429 2165 1462 2194 ad
1481 2163 1641 2201 preditfilum
1657 2162 1857 2200 Decanatum,
1876 2161 2018 2201 prefatum
2034 2163 2211 2194 W'ili'ielmum
2225 2163 2292 2195 Ful-

1233 2206 1274 2235 ler
1289 2205 1458 2239 admittant,
1472 2204 1537 2234 ὅτε.

1269 2243 1359 2276 Teste
1376 2241 1457 2281 Rege
1470 2240 1543 2278 apud
1558 2239 1683 2277 Canbury
1692 2262 1702 2278 ,
1717 2247 1818 2278 quarto
1831 2239 1949 2269 decimo
1963 2238 2009 2270 die
2022 2239 2108 2278 Julii.

1777 2280 1832 2307 Per
1850 2281 1944 2307 Breve
1962 2279 1994 2308 de
2013 2281 2135 2309 Privato
2151 2278 2250 2317 sigillo.

1272 2357 1406 2388 Ricardus
1422 2356 1511 2394 Peck,
1530 2354 1674 2393 Clericus,
1693 2354 1730 2385 A.
1751 2353 1799 2384 Μ.
1821 2353 1906 2383 habet
1928 2355 2088 2385 consimiles
2111 2355 2217 2388 Literas
2235 2355 2291 2388 Pa-

1234 2405 1323 2428 tentes
1337 2397 1373 2427 de
1387 2395 1590 2436 presentatione
1603 2395 1637 2425 ad
1654 2394 1821 2424 Redioriam
1838 2392 1962 2423 Eccleiie
1971 2393 2145 2424 Parochialis
2158 2397 2194 2426 de
2207 2395 2289 2434 Uplo-

1233 2448 1298 2466 man
1314 2437 1345 2466 in
1361 2434 1511 2466 Comitatu
1526 2436 1671 2470 Devome,
1689 2433 1722 2464 &
1741 2431 1855 2461 Diocefi
1871 2433 1980 2461 Exonie
1990 2456 2000 2469 ‚
2013 2433 2072 2470 jam
2098 2433 2239 2472 legittime
2252 2436 2286 2465 δε

1233 2476 1268 2505 de
1278 2475 1342 2513 jure
1358 2481 1507 2505 vacantem
1521 2482 1569 2509 per
1585 2473 1752 2509 pravitatem
1769 2469 1917 2507 Simonie,
1934 2470 1967 2500 &
1978 2470 2013 2500 ad
2028 2470 2155 2501 nostram
2176 2474 2288 2510 presen-

1233 2516 1371 2544 tationem
1388 2513 1491 2542 virtute
1503 2511 1647 2549 cujusdam
1664 2509 1754 2539 Actus
1777 2507 1978 2546 parliamenti,
1996 2509 2084 2539 Anno
2107 2509 2203 2547 Regni
2223 2512 2288 2542 Do-

1235 2554 1314 2582 mine
1328 2549 1490 2580 Elizebethe
1502 2558 1589 2588 nuper
1604 2550 1708 2585 Anglie
1723 2547 1856 2584 Regine,
1874 2546 2079 2578 Predecefforis
2093 2548 2188 2579 nostre
2203 2551 2290 2581 trice-

1234 2592 1308 2622 simo
1324 2590 1437 2627 primo,
1456 2590 1485 2618 in
1500 2597 1536 2618 eo
1550 2586 1613 2617 casu
1627 2587 1695 2616 editi
1711 2587 1743 2616 &
1758 2585 1939 2622 provisi,pro
1953 2587 2008 2616 hac
2021 2588 2085 2617 vice
2092 2586 2286 2626 speeiantem3

1235 2629 1275 2660 Et
1291 2629 1451 2667 diriguntur
1464 2627 1503 2656 he
1516 2625 1609 2656 Litere
1623 2625 1796 2655 Reverendo
1812 2624 1842 2654 in
1858 2623 1975 2654 Christo
1992 2623 2081 2662 Patri,
2101 2635 2135 2656 ac
2149 2626 2286 2657 Domino

1233 2666 1354 2708 Jofi’pho
1369 2668 1476 2695 Exonie
1490 2664 1644 2702 Episcopo.

1272 2705 1360 2736 Teste
1378 2705 1461 2742 Rege
1475 2703 1551 2740 apud
1567 2701 1709 2739 Canbury,
1728 2699 1871 2732 tricesimo
1883 2698 1928 2729 die
1948 2698 2078 2739 Augusti.

1793 2740 1849 2768 Per
1861 2740 1955 2767 Breve
1968 2738 2001 2767 de
2015 2741 2138 2769 Privato
2149 2739 2251 2778 Sigillo.

1273 2819 1419 2859 Johannes
1432 2816 1558 2858 Wyvell,
1577 2815 1727 2854 Clericus,
1747 2815 1831 2845 habet
1853 2814 2012 2845 consimiles
2031 2814 2140 2846 Literas
2159 2816 2290 2849 Patentes

1235 2859 1272 2889 de
1287 2857 1487 2895 presentatione
1501 2856 1535 2886 ad
1550 2855 1718 2885 Retstoriam
1733 2852 1861 2883 Ecclefie
1876 2852 2046 2883 Parochialis
2060 2855 2288 2886 SandIiLeonar-

1237 2900 1265 2926 di
1281 2906 1371 2934 prope
1383 2897 1538 2931 Exoniam,
1556 2895 1585 2923 in
1606 2893 1758 2936 Comitatu
1778 2895 1917 2934 Devenie‚
1939 2891 2065 2935 'Diocesi
2083 2895 2208 2932 Exonie,
2223 2896 2285 2933 jam

1238 2946 1288 2974 per
1303 2943 1429 2965 mortem
1443 2932 1597 2975 naturalem
1612 2932 1705 2961 ultimi
1720 2930 1919 2960 incumbentis
1935 2930 2045 2960 ibidem
2066 2941 2235 2970 vacantem,
2254 2935 2289 2964 &

1239 2974 1273 3004 ad
1293 2973 1419 3003 nostram
1439 2972 1670 3009 presentationem
1689 2970 1797 2999 ratione
1815 2969 1935 2999 minoris
1952 2970 2030 2998 etatis
2047 2969 2190 3007 Johannis
2207 2973 2291 3001 Han-

1239 3012 1297 3042 cock
1314 3035 1324 3050 ,
1361 3020 1414 3049 pro
1431 3009 1484 3039 hac
1496 3010 1571 3053 vice
1591 3008 1762 3052 spectantem
1780 3017 1791 3044 ,·
1809 3046 1813 3051 .
1829 3007 1868 3037 Et
1885 3006 2041 3046 diriguntur
2060 3008 2096 3038 he
2115 3009 2211 3040 Litere
2229 3010 2292 3040 Re-

1237 3050 1365 3120 {eriesrc‘go
1383 3052 1412 3080 in
1431 3046 1550 3078 Christo
1570 3047 1648 3078 Patri
1666 3057 1700 3078 ac
1718 3046 1871 3083 Domino,
1891 3045 2028 3076 Domino
2044 3045 2162 3086 Jofipho
2183 3049 2291 3077 Exonie

1240 3166 1256 3196 b
1267 3098 1470 3174 PTestlgoRege
1487 3125 1562 3164 apud
1578 3122 1837 3164 Wcstmonasterium
1843 3122 1978 3162 ,decimo
1993 3122 2111 3159 septimo
2118 3121 2291 3160 dieSeptem-

1282 3177 1304 3197 5·

1259 3177 1282 3196 Π
1736 3203 1790 3230 Per
1807 3202 1900 3229 Breve
1915 3197 1948 3227 de
1960 3199 2081 3226 Privato
2091 3197 2181 3235 Sigillo
2190 3198 2269 3237 ,ἀι

1279 3280 1427 3318 Jonathan
1450 3280 1579 3317 Skimier,
1599 3277 1743 3313 Clericus,
1762 3275 1799 3306 A.
1824 3273 1875 3304 M.
1893 3273 1978 3304 habet
2000 3273 2163 3306 consimiles
2185 3275 2293 3308 Literas

1241 3318 1370 3349 Parentes
1392 3319 1427 3349 de
1448 3317 1650 3358 presentatione
1669 3315 1703 3344 ad
1731 3313 1897 3345 Reetoiiam
1919 3311 2044 3342 Eccleiie
2059 3312 2235 3346 Parochialis
2255 3316 2293 3346 de

1244 3357 1414 3395 Wolverston
1430 3358 1460 3386 in
1473 3356 1622 3386 Comitatu
1640 3351 1778 3391 Suffilcie‚
1802 3349 1933 3381 Diocesis
1954 3351 2152 3390 Norwicerifis,
2163 3353 2226 3391 jam
2241 3364 2292 3391 per

1242 3395 1358 3425 liberam
1380 3395 1599 3432 resignationem
1622 3389 1755 3421 Timothei
1776 3388 1884 3418 Dalton
1905 3388 1996 3418 ultimi
2021 3388 2218 3422 Incumbentis
2239 3393 2294 3422 ibi-

1242 3432 1309 3463 dem
1329 3442 1478 3464 vacantem
1498 3455 1509 3471 ‚
1545 3432 1579 3462 δε
1597 3430 1631 3460 ad
1657 3428 1781 3458 nostram
1800 3427 2035 3464 presentationem
2053 3429 2160 3460 ratione
2177 3430 2296 3460 minoris

1242 3472 1319 3502 etatis
1339 3472 1458 3502 Heredis
1476 3469 1590 3508 Philippi
1607 3471 1698 3497 Bacon
1718 3466 1863 3503 Armigeri
1885 3465 2013 3495 defuntffi
2031 3489 2041 3503 ,
2078 3475 2130 3504 pro
2157 3468 2209 3498 hac
2228 3470 2294 3500 vice

1242 3512 1258 3540 s
1274 3510 1417 3540 estantem
1435 3520 1446 3545 ,-
1484 3508 1523 3539 Et
1549 3507 1710 3542 diriguntur
1733 3505 1769 3534 he
1796 3503 1890 3533 Litere
1919 3504 2046 3534 Parentes
2070 3504 2244 3536 Reverendo
2261 3509 2294 3537 in

1247 3586 1265 3616 s
1279 3548 1367 3578 hristo
1386 3548 1461 3579 Patri
1477 3556 1511 3577 ac
1527 3545 1661 3576 Domino
1678 3566 1689 3581 ‚
1726 3542 1864 3572 Domino
1888 3542 2020 3572 Mattheo
2038 3543 2208 3582 Norwicenfi
2221 3543 2294 3583 Epi-

1260 3595 1337 3623 copo
2263 3595 2265 3598 ¹

1249 3625 1320 3692 br‘T
1322 3623 1378 3656 este
1408 3623 1489 3662 Rege
1517 3620 1592 3660 apud
1624 3618 1752 3658 Copthall
1768 3642 1777 3657 ,
1813 3618 1929 3649 decimo
1955 3618 2078 3657 septimo
2102 3618 2149 3651 die
2175 3623 2295 3661 Septem-

1281 3673 1315 3692 15.

1717 3697 1771 3726 Per
1787 3698 1882 3726 Breve
1897 3695 1930 3726 de
1943 3697 2065 3726 Privato
2081 3695 2190 3734 sigillo,
2200 3694 2264 3731 ὠς.

1283 3793 1432 3832 Johannes
1453 3790 1573 3830 Nelson,
1597 3789 1745 3828 Clericus,
1771 3789 1809 3820 A.
1834 3788 1882 3819 M.
1899 3787 1986 3818 habet
2007 3786 2166 3818 consimiles
2191 3788 2298 3820 Literas

1247 3832 1379 3864 Patentes
1398 3831 1434 3860 de
1455 3830 1658 3869 presentatione
1681 3830 1715 3860 ad
1741 3827 1910 3857 Redioriarn
1935 3825 2060 3856 Ecclesie
2079 3825 2247 3857 parochialis
2261 3829 2298 3859 de

1248 3870 1383 3900 Micklam
1396 3869 1459 3900 alias
1473 3867 1654 3904 Mickleham,
1671 3868 1701 3897 in
1717 3865 1841 3896 Diocese
1857 3866 1994 3900 Wint0n‚
2011 3873 2061 3900 per
2077 3873 2201 3896 mortem
2218 3876 2298 3897 natu-

1248 3910 1333 3939 ralem
1349 3908 1442 3938 ultimi
1468 3907 1663 3938 Incumbentis
1678 3904 1785 3934 ibidem
1799 3903 1860 3940 jam
1881 3910 2047 3939 vacantem,
2067 3902 2100 3932 &
2120 3903 2154 3933 ad
2175 3904 2299 3935 nostram

1247 3947 1430 3978 donationem
1454 3946 1511 3977 sive
1530 3944 1762 3983 presentationem
1785 3950 1834 3978 per
1863 3939 2011 3970 defectum
2040 3940 2215 3972 liberationis
2234 3942 2301 3973 inde

1246 3988 1358 4023 sumpte
1376 3984 1423 4017 vel
1436 3982 1586 4020 sumende,
1605 3990 1657 4019 per
1673 3980 1836 4013 Dominam
1860 3976 2059 4009 elizabetham
2078 3980 2141 4018 jam
2163 3979 2302 4013 Comitis·

2254 4017 2312 4050 sim

2320 360 2383 388 ¹35·

2327 770 2388 798 ¹34·

2337 1200 2397 1228 ¹33-

2323 1780 2342 1800 *
2362 1782 2418 1808 )(>{

2331 1829 2395 1856 ¹30·

2334 2356 2398 2391 1303

2337 2825 2400 2856 ¹29ss

2338 3285 2399 3315 128.

2337 3816 2398 3846 ¹²7²
