2561 4263
197 85 250 123 88
579 45 1546 117 SYLLABUSSEU

222 168 252 202 ς,
342 163 371 188 >

221 203 250 240 ’Ὀ
342 204 369 230 w
453 225 606 266 Ejusmodi,
625 226 658 255 ad
673 225 792 263 Regem.
1170 229 1206 255 42

449 271 490 296 De
512 265 645 303 Reliquiis
666 265 739 302 Regi
763 261 847 291 missis
863 270 910 299 per
924 259 1095 299 Episcopum
1111 259 1208 288 Fama-

480 304 578 342 gustae.
1170 305 1206 333 43

707 381 762 408 An.
776 387 806 414 5.
826 378 903 406 Hen.
918 375 944 404 8.

193 478 261 509 ¹5¹3
290 475 308 502 5
322 460 422 492 Hen.8.
446 458 579 487 Adrianus
596 455 745 486 Cardinalis
760 456 792 483 ad
810 456 930 491 Regem.
1169 458 1208 486 44

445 498 488 524 De
503 497 610 525 Officio
628 495 760 532 Deputati
773 490 911 521 senescalli
927 493 955 519 δε
972 487 1117 518 Marescalli
1134 488 1207 516 Hos·

480 535 540 573 pitii
568 535 670 573 Regis,
691 535 718 560 in
736 531 853 560 absentia
877 529 1000 558 Comitis
1016 527 1107 565 Salop.
1125 527 1207 554 Tho-

480 584 533 602 mae
551 571 645 601 Lovell
662 571 743 599 Militi
759 569 873 597 Garterii
889 567 1026 596 conceffo.
1169 574 1208 601 45

445 612 484 639 De
505 613 630 640 Monstro
643 609 775 648 capiendo
791 607 912 635 Thomae
928 604 1087 643 Wyndham
1112 601 1208 631 Militis

483 648 678 678 Viceadmiralli
693 647 816 675 Comitis
831 646 939 673 Surriae.
1170 644 1208 677 46

446 689 487 716 De
507 687 640 716 Cardinali
659 687 692 715 de
712 685 827 714 Medicis
845 691 937 712 creato
957 685 1111 711 summum
1133 680 1207 708 Pon-

477 726 594 755 tificem.
1170 728 1206 754 47

444 766 486 792 De
505 765 596 793 Terris
617 766 645 793 &
665 761 845 791 Tenementis
861 782 868 793 ,
899 762 952 789 δῖε.
979 761 1129 787 Scotorum
1155 756 1206 784 sei-

480 803 587 832 fiendis.
653 814 655 817 ’
1169 795 1206 831 48

443 843 485 870 De
514 840 712 870 Pardonatione
737 847 786 876 pro
815 835 964 864 Willielmo
991 833 1137 872 Hatclyff,
1173 834 1206 862 de

481 879 666 918 Negligentiis
693 880 719 907 δε
749 875 952 905 Omissionibus
973 875 1000 902 in
1019 872 1208 911 prosequendo

478 918 599 947 Rebelles
620 915 782 945 Michaelem
803 914 918 951 joseph.
947 916 975 942 ὃς
995 914 1108 940 Petrum
1130 913 1207 939 War-

478 957 530 984 bek
549 964 674 993 ternpore
694 954 777 981 Patris
799 953 896 990 Regis.
1148 958 1207 984 «¹49

445 997 485 1023 De
508 996 630 1023 Licentia
648 991 784 1021 Vietualia
802 993 829 1020 ὅ(
851 989 1033 1019 Mercimonia
1049 989 1077 1016 in
1098 989 1209 1016 Francia

480 1035 637 1062 Normann.
656 1035 711 1062 &c.
729 1030 837 1059 emendi
859 1032 887 1059 ὃ(
907 1027 1056 1057 adducendi
1074 1037 1126 1065 pro
1142 1024 1207 1054 rele-

477 1073 586 1100 vamine
607 1072 784 1100 Subditorum
807 1069 921 1096 Hioern.
1171 1073 1208 1100 50

444 1112 485 1138 De
505 1111 619 1139 Comite
637 1109 725 1146 Salop.
745 1108 897 1146 Capit-aneo
911 1107 937 1135 δι
954 1105 1135 1133 (ἶοηάυᾶοκ
1149 1112 1208 1140 par·

480 1149 514 1177 tis
542 1149 683 1177 Exercitus
712 1147 798 1186 Regis
825 1146 853 1174 in
881 1145 1022 1174 Franciam
1056 1142 1209 1180 profectur.

477 1189 639 1216 constituto.
1173 1189 1205 1215 5¹

444 1227 486 1254 De
506 1227 618 1255 Thoma
636 1225 762 1253 Domino
781 1222 906 1251 Howard
923 1218 1072 1249 Admirallo
1090 1217 1207 1256 Angliae,

482 1264 601 1298 milix,
623 1267 678 1294 ἃς.
695 1263 857 1292 constituto.
1170 1267 1207 1293 52

444 1304 486 1330 De
507 1305 572 1332 Pace
594 1304 677 1342 Regis
695 1303 723 1331 in
746 1300 838 1329 Wallia
856 1297 1049 1328 conservanda.
1171 1305 1206 1333 53

442 1342 597 1377 EJusmodi.
1171 1343 1210 1370 54
1281 1372 1286 1375 .

445 1382 487 1408 De
502 1381 615 1409 Thoma
634 1380 760 1408 Domino
779 1377 906 1406 Howard
919 1377 1138 1403 Locumtenente
1147 1373 1208 1401 Du·
1256 1378 1286 1387 ’“

479 1429 539 1458 ceq3
561 1420 694 1447 Primario
708 1439 715 1451 ‚
736 1421 790 1447 &a
809 1421 930 1444 Armatae
948 1416 975 1442 &
992 1412 1135 1441 Exercitfis
1153 1413 1208 1439 Re·
1253 1406 1270 1451 ᾖ
1284 1434 1293 1442 ,

480 1459 522 1495 gis
550 1459 577 1486 in
601 1457 661 1486 casu
690 1456 789 1485 Mortis
816 1454 857 1484 vel
885 1453 1022 1481 Absemiae
1043 1450 1209 1479 Marchionis
1252 1447 1286 1486 {²

482 1496 581 1524 Dorset
599 1496 762 1525 constituto.
1171 1498 1208 1524 55
1248 1516 1256 1526 ἦ
1284 1514 1293 1524 ,

443 1536 485 1563 De
506 1534 657 1573 Colloquio
676 1543 741 1562 curn
764 1534 841 1569 Rege
862 1530 981 1558 Franciae
995 1529 1065 1566 apud
1087 1528 1207 1556 Audien-

481 1574 546 1601 tiam
565 1595 571 1605 ‚
599 1574 631 1602 de
658 1573 735 1609 Rege
755 1573 878 1607 Aragon.
905 1571 931 1596 δι
952 1569 985 1595 de
1006 1570 1105 1594 sorore
1122 1566 1208 1603 Regis
1247 1598 1255 1606 .

483 1614 579 1640 Uxore
602 1611 648 1639 sua
667 1611 813 1647 deiignata.
1170 1606 1208 1640 56
1275 1637 1282 1642 .

445 1651 487 1678 De
513 1649 652 1678 Navibus.
673 1651 728 1676 διε.
746 1656 795 1685 pro
818 1644 939 1682 Pass'agio
961 1642 1104 1672 Exercitus
1122 1643 1209 1680 Regis
1267 1670 1270 1676 ,

482 1687 665 1726 providendis.
1173 1690 1207 1717 57

707 1764 761 1792 An.
779 1765 806 1791 6.
823 1763 895 1789 Heu.
915 1759 944 1788 8.

444 1844 497 1871 Pro
523 1840 680 1871 Elizabetha
707 1841 798 1878 Saxby
817 1860 825 1874 ‚
852 1841 885 1869 de
913 1837 1061 1866 Annuitate
1077 1836 1210 1902 concessag.

445 1922 497 1950 Pro
511 1919 638 1958 Johanne
655 1918 770 1946 Meautis
788 1918 934 1946 Secretario
946 1928 998 1956 pro
1015 1918 1123 1954 Lingua
1143 1884 1209 1942 Ggl-

480 1959 546 1992 v2:21,
567 1959 599 1988 de
617 1958 737 1986 Licentia
755 1957 825 1985 vini
845 1957 1080 1985 Vascon.emendi
1097 1957 1124 1984 δι
1142 1963 1209 1982 ven·
1248 1949 1256 1960 ‘
1268 1963 1270 1966 ’
1284 1960 1293 1970 ³

187 1862 257 1890 15¹4
280 1853 298 1879 6
315 1856 378 1880 Hm.
388 1850 416 1879 8.

446 1997 709 2102 MijknetiffnAmicitiae
730 2035 799 2062 inter
819 2035 928 2073 Regem
946 2035 974 2063 ἕ(
990 2033 1145 2070 Principem
1157 2001 1212 2096 (ἐξ

505 2085 519 2102 e
539 2085 569 2102 ae.
1194 2081 1210 2097 0

447 2113 642 2143 instructiones
671 2110 917 2140 Ambaffiatoribus
944 2110 1031 2149 Regis
1051 2110 1083 2138 ad
1101 2110 1210 2146 Regem

482 2153 598 2180 Francia:
616 2149 792 2189 profecturis.
1175 2149 1207 2174 61

447 2192 606 2228 Compotus
621 2189 808 2226 Expensarum
824 2188 895 2216 circa
910 2187 1137 2215 Conduffionem
1152 2187 1210 2214 Na-

484 2231 561 2257 vium
580 2232 607 2258 8<
627 2227 825 2256 Artillariorum
847 2227 932 2265 Regis
950 2228 981 2254 ad
1003 2224 1105 2253 Villam
1126 2223 1210 2257 Lille‚

482 2270 515 2297 de
538 2267 666 2296 Mandato
687 2265 883 2293 Gubernatoris
903 2266 936 2293 de
954 2264 1086 2292 Bethune.
1175 2265 1210 2291 62
1250 2289 1258 2300 ⁶

449 2308 490 2334 De
509 2305 648 2334 tractando
665 2314 730 2332 cum
753 2303 922 2332 Ferdinando
944 2305 1021 2342 Rege
1041 2304 1161 2340 Aragon.
1183 2303 1210 2330 ὃ(

485 2345 612 2382 johanna
633 2343 740 2382 Regina
757 2340 889 2370 Castellae.
1250 2371 1258 2381 ⁶

447 2385 665 2412 Instrumentum
704 2378 903 2408 Matrimoniale
935 2380 1004 2408 inter
1034 2379 1211 2407 Ludovicum

485 2424 594 2460 Regem
621 2419 740 2449 Franciae
764 2421 793 2448 &
821 2419 938 2446 Mariam
960 2420 1091 2446 sororem
1115 2418 1212 2455 Regis.
1250 2412 1258 2422 ⁶

448 2498 614 2536 Ejusmodi,
641 2496 779 2535 fignatum
807 2496 893 2523 Manu
917 2495 1002 2532 Regis
1034 2466 1213 2523 Francorum—i

448 2575 590 2614 Obligatio
610 2574 696 2612 Regis
716 2575 884 2602 Francorum
904 2582 953 2610 pro
976 2570 1092 2600 Milioue
1120 2543 1213 2600 Corui

486 2622 541 2643 nat.
563 2614 627 2642 Auri
648 2616 680 2641 de
703 2611 773 2640 Sole.
1176 2613 1214 2639 66

452 2655 493 2682 De
510 2652 694 2681 Submiisione
715 2651 801 2689 Regis
819 2650 937 2679 Franciae
954 2649 1120 2678 Cohertioni
1139 2650 1214 2678 sedis

491 2690 660 2728 Apostolicae.
1177 2690 1213 2723 67

450 2731 491 2758 De
522 2732 596 2757 Dote
623 2728 752 2765 assignata
779 2727 898 2765 praefatae
924 2727 1016 2754 Mariae
1036 2735 1084 2763 per
1105 2727 1213 2765 Regem

488 2768 615 2796 Franciae.
1179 2765 1214 2792 68
1264 2761 1293 2812 ’.ξ

452 2807 573 2834 Mai-chio
594 2807 715 2833 Mantuae
733 2803 765 2832 ad
786 2804 906 2841 Regem.
1178 2805 1215 2838 69
1283 2801 1292 2812 “

454 2848 494 2874 De
524 2845 607 2882 Equis
634 2853 697 2872 cum
727 2841 844 2870 Phaleris
870 2845 899 2871 δε
927 2840 1068 2879 Ephippiis
1093 2841 1216 2878 pretiofis
1259 2843 1293 2881 :s

498 2883 652 2912 Marchioni
679 2882 801 2910 Mantuae
825 2889 872 2918 per
900 2881 1008 2918 Regem
1042 2879 1218 2916 praetentatis.
1262 2874 1294 2908 ‘¹2

1199 2928 1216 2946 o
1260 2941 1271 2951 ,
1284 2924 1294 2933 “

455 2963 496 2990 De
517 2962 610 2989 Morte
629 2956 775 2988 Cardinalis
792 2955 896 2995 Angliae
912 2956 1001 2984 Litera
1017 2956 1096 2993 Papae
1110 2955 1142 2984 ad
1159 2927 1216 2985 R7e-
1261 2947 1295 2994 ff<

489 3009 566 3038 gem.
1181 3004 1213 3030 7¹
1262 2994 1295 3014 *f*

454 3039 604 3077 Episcopus
633 3039 774 3074 Wygorn.
796 3034 828 3061 ad
857 3031 1010 3071 Episcopus
1036 3032 1161 3061 Eborum
1188 3035 1217 3062 &
1255 3021 1277 3059 ἓ

500 3079 635 3114 Wynton.
670 3075 703 3102 de
740 3073 895 3111 receptione
941 3069 1124 3108 obligationis
1166 3082 1216 3109 pro

501 3124 626 3143 1000000
647 3114 753 3140 Coron.
773 3114 800 3140 ὃς
818 3108 1010 3147 Capitulorum
1030 3110 1062 3136 de
1082 3110 1164 3138 Pace.
1182 3119 1217 3146 7²
1276 3137 1278 3140 ,

455 3152 600 3182 Cardinalis
618 3154 723 3179 Surrett
746 3149 883 3188 Episcopo
904 3147 1032 3176 Lincoln.
1182 3158 1216 3186 73

458 3192 608 3230 Episcopus
628 3191 758 3228 Wigorn.
774 3189 807 3216 ad
1047 3185 1081 3213 de
1093 3184 1219 3224 suspecta
1287 3208 1298 3218 ³

493 3233 585 3258 Morte
605 3227 750 3257 Cardinalis
773 3224 895 3264 Angliae,
916 3227 969 3254 &c.
1184 3235 1221 3262 74
1259 3226 1296 3263 j»,

457 3268 603 3297 Cardinalis
624 3270 729 3294 Surrett
749 3266 781 3293 ad
798 3266 925 3302 Regem,
955 3266 988 3292 de
1006 3262 1094 3290 verbis
1110 3272 1220 3300 expres·
1264 3263 1298 3301 3³

496 3307 528 3335 fis
545 3317 591 3345 per
606 3303 777 3333 Cardinalem
796 3302 903 3340 Angliae
922 3310 985 3330 ante
1006 3302 1145 3334 Mortem,
1167 3304 1221 3330 &c.
1260 3307 1300 3339 ·;-,

460 3387 530 3423 Papa
548 3384 579 3412 ad
601 3384 728 3419 Regem,
754 3379 787 3408 de
808 3377 979 3416 Indulgentia
996 3378 1144 3416 recipiendi
1164 3349 1222 3407 D⁷e⁵:
1276 3368 1301 3410 Γ

497 3424 599 3454 cimas,
620 3423 673 3450 διε.
693 3418 709 3447 ὲ
727 3417 822 3446 Clero.
1188 3419 1223 3452 7⁶
1261 3413 1270 3423 ‘

461 3460 609 3490 cardinalis
629 3456 735 3496 Angliae
753 3457 842 3484 Litera
859 3455 891 3483 ad
907 3456 1027 3492 Regem.
1188 3465 1222 3491 77
1267 3465 1302 3490 W

464 3501 548 3528 Maria
568 3497 676 3536 Regina
694 3495 810 3524 Franciae
829 3493 862 3521 ad
882 3491 1126 3530 Archiepiscopum
1146 3493 1223 3521 Ebo-
1268 3486 1301 3530 ,ἐξ

499 3548 578 3569 rum,
598 3537 631 3564 de
650 3534 807 3571 receptione
821 3532 866 3560 sua
886 3533 913 3559 in
935 3532 1057 3560 Francia.
1189 3531 1223 3566 78
1263 3535 1280 3542 ‘⁴
1300 3543 1309 3552 ‚

465 3576 547 3603 Maria
565 3574 672 3612 Regina
692 3572 808 3600 Franciae
826 3571 858 3599 ad
878 3571 987 3607 Regem
1006 3579 1057 3607 pro
1076 3569 1224 3597 Vincentio
1263 3574 1294 3608 ‘m

504 3613 622 3650 Knight.
1189 3617 1224 3643 79
1278 3637 1303 3648 a:

468 3654 553 3687 Super
573 3649 805 3677 Solemnizatione
826 3646 1001 3675 Matrimonii
1020 3646 1089 3674 inter
1115 3648 1224 3684 Regem
1271 3667 1289 3684 ,J

502 3688 619 3717 Francia:
638 3689 665 3714 δί
686 3687 802 3714 Mariam
822 3688 950 3713 Sororem
972 3685 1073 3722 Regis,
1095 3686 1150 3713 δίε.
1189 3683 1226 3711 80
1270 3678 1305 3717 {⁴⁹e

470 3726 621 3766 Episcopus
642 3725 768 3762 Wigorn.
786 3724 818 3752 ad
838 3722 1082 3760 Archiepiscopurn
1102 3722 1227 3751 Eborum
1272 3719 1307 3765 ξιξ)

507 3766 580 3793 circa
598 3764 705 3799 Regem
725 3765 753 3791 &
772 3762 876 3800 Regin.
892 3763 987 3790 Franc.
1191 3760 1225 3788 8ι
1272 3763 1300 3796 ξζι.

468 3805 511 3831 De
529 3800 730 3831 coronatione,
749 3802 803 3829 &c.
824 3800 939 3838 Reginae
957 3799 1087 3829 Franciae.
1193 3799 1228 3826 82
1274 3798 1309 3837 {2'}

470 3843 576 3869 Comes
592 3836 707 3868 Suffolc.
724 3838 757 3865 ad
774 3838 1017 3876 Archiepiscopum
1033 3838 1156 3866 Eborum
1177 3837 1230 3865 cir·
1276 3838 1307 3875 ἕξ·

506 3889 537 3907 ca
554 3878 689 3915 Reginam
709 3876 836 3904 Franciae.
1194 3875 1229 3911 83
1271 3882 1301 3903 .”

472 3919 533 3946 Rex
552 3916 670 3944 Franciae
685 3914 717 3942 ad
745 3915 870 3952 Regem,
890 3914 924 3943 de
947 3914 1166 3944 Contentatione
1187 3913 1232 3941 sua
1270 3905 1318 3985 ᾗ

508 3955 537 3985 in
551 3954 676 3992 Regina,
693 3953 746 3981 δια
1196 3951 1234 3987 84

1353 140 1517 176 az>

1352 178 1518 217 φτ

1628 50 2031 94 INDEX

1603 214 1645 243 Ad
1663 211 1833 242 cardinalem
1855 212 1978 241 Eborum
1997 223 2043 250 per
2061 212 2235 251 Capelianum
2262 213 2344 242 suum
2358 214 2369 248 3

1637 253 1670 281 de
1688 251 1800 280 defectu
1821 250 2025 289 jurisdictionis
2045 251 2073 279 in
2100 253 2264 291 Episcopatu
2291 254 2365 280 Tor-

1602 300 1755 357 Caliiiiiissles
1775 327 1881 366 Angliae
1898 328 1932 356 ad
1953 327 2064 365 Regem
2085 326 2101 354 a
2120 328 2223 357 Roma.
2328 289 2367 356 {g

1603 368 1783 433 Ρεὲεὲίἑιέἓῗίυς
1804 368 1867 394 Rex
1889 369 2013 403 Aragon.
2038 365 2071 393 ad
2092 367 2199 403 Regem
2212 387 2221 399 ‚
2247 367 2280 395 de
2298 367 2366 441 Crg

1603 444 1647 472 Ad
1667 443 1832 481 Episcopum
1859 441 1987 471 Lincoln.
2014 442 2094 480 super
2116 442 2259 479 Maritagio
2279 443 2367 482 defig-

1638 489 1703 509 nato
1722 482 1793 509 inter
1814 481 1930 510 Mariam
1950 481 2046 510 Filiam
2064 480 2149 518 Regis
2168 482 2196 509 &
2213 481 2368 520 Principem

1638 520 1753 558 Hispan.
2331 521 2367 548 88

1601 558 1663 586 Rex
1679 560 1712 587 ad
1728 559 1930 596 Imperatorem
1941 578 1950 590 ‚
1970 558 2004 586 de
2019 555 2108 585 Claffe
2121 556 2190 586 bene
2207 559 2315 587 munita
2337 561 2367 588 δε

1636 604 1724 634 parata
1739 600 1770 625 ad
1786 595 1941 625 velandum.
2329 597 2368 632 89

1601 635 1645 663 De
1671 635 1848 673 inquisitione
1875 634 1949 663 facta
1977 643 2024 672 per
2047 634 2148 672 Papam
2174 634 2252 673 super
2273 636 2368 665 Morte

1637 673 1786 702 Cardinalis
1805 672 1922 710 Angliae.
2328 684 2368 710 90

1601 713 1687 749 Super
1707 714 1800 740 Morte
1817 711 1941 749 praeditsti
1960 709 2119 739 Cardinalis.
2328 722 2365 748 91

1601 751 1698 779 Adhuc
1716 752 1750 780 de
1767 751 1873 778 eadem.
2328 759 2365 786 9¹

1863 828 1916 856 An.
1934 835 1963 863 7.
1979 827 2055 854 Hen.
2074 825 2103 854 8.

1335 913 1406 942 ¹5¹5
1435 914 1451 942 7
1465 906 1566 936 Hen.8‚
1600 905 1643 932 De
1664 905 1782 933 Pecunia
1804 902 1955 942 colligenda
1973 913 2025 942 pro
2046 902 2253 941 Redemptione
2272 903 2369 941 Capti⁴

1336 1674 1406 1708 1516
1439 1669 1455 1698 8
1470 1673 1533 1699 Hm.
1545 1670 1573 1698 8.

1353 3659 1423 3686 ¹5¹7
1451 3658 1470 3686 9
1488 3647 1588 3678 Hm.8.

1638 953 1738 972 vorum
1759 943 1774 971 ὲ
1797 944 1923 972 Manibus
1943 941 2099 971 Infidelium
2119 943 2153 969 de
2172 942 2272 970 Tunis.
2330 951 2367 979 93

1602 982 1644 1009 De
1664 982 1839 1010 Protectione
1855 992 1905 1020 pro
1925 981 2051 1018 johanne
2071 981 2239 1017 Braymond.
2330 991 2369 1017 94

1603 1021 1646 1048 De
1663 1021 1783 1049 Licentia
1804 1023 1890 1049 Boves
1909 1023 1937 1049 ἃ.
1958 1023 2034 1048 Oves
2053 1019 2162 1047 emendi
2180 1021 2207 1048 δε
2223 1019 2367 1047 traducen-

1637 1058 1664 1086 di
1683 1059 1712 1087 in
1730 1059 1810 1087 usum
1833 1059 1992 1087 Monasterss
2011 1057 2103 1086 Sancti
2122 1057 2224 1086 Bartini
2241 1058 2270 1085 in
2287 1055 2367 1086 Flan-

1637 1098 1703 1125 dria.
2331 1105 2349 1131 9

1604 1136 1647 1163 De
1666 1135 1846 1163 Parliamento
1863 1135 1889 1162 in
1911 1134 2041 1163 Hibernia
2059 1141 2136 1163 tento
2156 1155 2164 1167 ‚
2196 1136 2225 1163 δε
2246 1105 2372 1163 Αᾶυδιιξ

1640 1174 1668 1201 in
1687 1177 1786 1203 codem
1805 1173 1893 1202 fastis.
2330 1175 2369 1209 96

1603 1212 1646 1240 De
1677 1213 1799 1241 Licentia
1823 1211 1928 1250 jocalia
1952 1211 1981 1240 in
2008 1210 2137 1250 Angliam
2163 1211 2312 1239 adducendi
2340 1214 2369 1240 ὃς

1640 1252 1783 1280 vendendi.
2332 1260 2369 1287 97

1603 1291 1690 1327 Super
1713 1289 1894 1328 Reparatione
1913 1292 1941 1318 δι
1961 1289 2169 1317 Fortificatione
2190 1289 2318 1318 Civitatis
2339 1290 2372 1318 de

1641 1331 1784 1366 Tournay.
2334 1328 2371 1363 98

1604 1368 1689 1403 Super
1708 1368 1801 1395 Morte
1822 1367 1906 1405 Regis
1926 1367 2044 1395 Franciae
2065 1365 2126 1395 Itali
2146 1365 2298 1394 formidant
2325 1367 2372 1394 In-

1640 1405 1779 1433 vafionem
1802 1405 1817 1434 a
1836 1406 2004 1435 Successore.
2332 1414 2372 1440 99

1605 1444 1648 1471 De
1667 1445 1810 1473 tractando
1831 1453 1896 1471 cum
1918 1444 2091 1472 Ferdinando
2112 1445 2190 1481 Rege
2207 1444 2328 1481 Aragou.
2343 1446 2371 1473 &z

1640 1482 1768 1525 Johanna
1789 1483 1897 1521 Regina
1916 1481 2036 1510 Castellae
2056 1482 2136 1521 super
2151 1489 2277 1520 perpetua
2291 1483 2373 1510 Ami-

1639 1521 1718 1554 cuia,
1738 1523 1792 1550 &c.
2321 1530 2374 1549 roo

1869 1599 1924 1627 An.
1942 1597 1970 1626 8.
1991 1599 2064 1626 Hen.
2084 1597 2113 1626 8.

1606 1676 1658 1704 Pro
1679 1677 1759 1706 Anna
1784 1675 1865 1705 Luke
1883 1675 2001 1704 Nutrice
2021 1675 2108 1714 Regis
2124 1694 2132 1707 ‚
2169 1674 2202 1702 de
2223 1674 2375 1703 Annuitate

1641 1716 1775 1743 concessa.
2320 1723 2371 1741 101

1605 1754 1648 1781 De
1667 1753 1846 1782 Relaxatione
1860 1763 1910 1791 pro
1929 1752 2057 1791 johanne
2077 1752 2211 1788 Dawtrey
2228 1750 2307 1789 super
2324 1752 2377 1779 Vi-

1639 1791 1776 1820 tellatione
1796 1793 1944 1824 Navium,
1966 1794 2020 1820 &c-
2324 1799 2376 1818 102

1605 1832 1648 1858 De
1670 1831 1792 1859 Licentia
1813 1832 1999 1858 Frumentum
2018 1828 2128 1856 emendi
2156 1830 2184 1857 δε
2210 1828 2377 1858 traducendi.

1607 1905 1756 1936 cardinalis
1774 1907 1807 1935 de
1828 1903 1943 1933 Medicis
1961 1903 1994 1931 ad
2014 1904 2136 1941 Regem.
2320 1876 2375 1942 igi

1607 1944 1840 1990 DeEleemosma
1857 1941 2006 1979 colligenda
2026 1951 2077 1978 pro
2096 1940 2258 1970 relaxatione
2269 1941 2285 1971 a
2303 1943 2377 1981 Cap-

1641 1991 1758 2013 tivitate.
2322 1991 2375 2018 105

1607 2023 1806 2091 Prttwianczhanne
1828 2018 1966 2057 Imberley
1989 2017 2132 2047 Monacho
2151 2038 2161 2051 ‚
2187 2019 2220 2048 de
2240 2019 2376 2087 Pardolnoag

1607 2102 1678 2139 Papa
1695 2101 1728 2129 ad
1745 2098 1990 2137 Archiepiscopum
2009 2096 2140 2124 Cantuar.
2158 2095 2234 2134 quod
2249 2096 2378 2135 impetret

1642 2141 1657 2170 a
1685 2141 1762 2177 Rege
1789 2138 1946 2166 Subsidium
1974 2135 2155 2164 Pecuniarum
2181 2141 2277 2163 contra
2302 2138 2377 2164 Tur-

1642 2188 1704 2211 caS,
1726 2181 1755 2207 δι
1774 2175 1951 2214 Responsum
1970 2174 1986 2204 a
2002 2173 2084 2202 Clero
2105 2174 2236 2201 Cantuar.
2257 2175 2378 2209 Provin-

1608 2227 1744 2295 Exciiffr'pta
1761 2264 1796 2283 ex
1817 2253 1916 2283 Literis
1936 2250 2065 2290 Episcopi
2087 2251 2225 2288 Wygom.
2323 2223 2378 2280 ig}

1609 2295 1698 2323 Litera
1717 2295 1751 2323 ab
1771 2296 1840 2322 Am.
1858 2291 2030 2322 Ammonio,
2050 2290 2083 2318 de
2103 2290 2243 2327 Hungaria
2255 2291 2374 2328 oppress.

1645 2343 1691 2371 per
1711 2335 1832 2365 Turcas,
1854 2334 1909 2360 διε.
2323 2339 2378 2366 ¹09

1610 2372 1701 2401 Litera
1714 2371 1849 2409 Johannis
1862 2369 1974 2398 Pennati
1992 2368 2026 2397 ad
2045 2365 2218 2396 Cardinalem
2237 2367 2375 2401 Eborum.

1644 2411 1677 2439 de
1694 2410 1827 2439 unanimo
1841 2408 1946 2437 assensu
1962 2405 2147 2436 Cardinalium
2161 2405 2240 2443 super
2256 2405 2378 2435 Eleffio-

1608 2449 1833 2525 nsseacsssssptabiii
1859 2486 1978 2515 Servitia
2003 2485 2034 2514 in
2060 2483 2234 2522 impetrando
2257 2483 2272 2512 a
2298 2455 2380 2522 1³2}ss

1646 2526 1821 2557 Subsidium,
1842 2527 1895 2553 ὄις.
2324 2532 2375 2552 111

1608 2566 1651 2594 De
1671 2564 1810 2594 scrutinio
1828 2563 1861 2591 ad
1879 2561 2079 2592 inveniendum
2099 2559 2228 2589 Titulum
2247 2570 2299 2598 pro
2320 2562 2378 2590 Re-

1610 2606 1811 2672 Cagrgi’nffi'de
1832 2641 1947 2669 Medicis
1965 2640 1998 2668 ad
2015 2640 2138 2677 Regem.
2321 2608 2376 2676 ii}

1608 2682 1687 2711 Idem
1703 2682 1735 2710 ad
1755 2681 1891 2712 eundem,
1918 2679 1953 2707 de
1973 2677 2099 2706 Subfidio
2119 2678 2198 2714 Papae
2214 2676 2377 2714 praestando.

1606 2759 1650 2797 De
1666 2760 1777 2787 Armata
1792 2756 1878 2794 Regis
1895 2755 2016 2784 Franciae
2027 2755 2061 2783 ad
2075 2751 2293 2791 oppugnandum
2317 2723 2376 2782 ἰὶιεῒ

1645 2797 1675 2835 gi
1691 2796 1843 2833 Hispani-z,
1864 2796 1920 2822 δῖε.
2324 2800 2378 2828 ¹¹5

1607 2837 1652 2864 De
1679 2835 1746 2862 Pace
1771 2841 1838 2861 cum
1864 2830 1976 2858 Gallicis
2001 2830 2156 2857 festinanter
2181 2826 2308 2857 conclusa
2327 2839 2377 2868 per

1645 2875 1772 2911 Regem,
1793 2871 1827 2899 de
1843 2871 1922 2906 Rege
1939 2870 2061 2906 Aragon.
2080 2867 2221 2896 Franciam
2239 2867 2378 2898 invasura.

2322 2916 2331 2934 ι
2341 2908 2377 2936 16

1607 2953 1663 2980 Pro
1688 2948 1817 2979 Domino
1845 2947 1934 2975 Dacre
1951 2966 1960 2979 ,
1987 2945 2021 2974 de
2039 2944 2172 2974 Custodia
2187 2943 2374 2975 Marchiarum

1646 2989 1738 3018 versus
1754 2986 1877 3015 Scotiam
1894 2983 2054 3013 commissa.
2324 2993 2377 3020 ¹¹7

1607 3028 1754 3057 Traettatus
1772 3025 1846 3053 Pacis
1864 3023 1933 3052 inter
1953 3024 2064 3060 Regem
2081 3023 2110 3051 δι
2127 3021 2300 3051 Franciscum
2315 3023 2375 3051 Re-

1645 3075 1710 3105 gem
1732 3063 1862 3093 Franciae.
2320 3059 2375 3088 118

1609 3107 1653 3134 De
1671 3102 1813 3133 tractando
1831 3109 1898 3129 curn
1916 3098 2045 3126 Cantone
2063 3096 2284 3127 Helveticorum.
2321 3107 2377 3134 119

1610 3146 1654 3173 De
1670 3140 1848 3170 protectione
1868 3147 1901 3166 ex
1922 3138 2012 3174 Regia
2030 3137 2210 3175 Praerogativa
2225 3145 2276 3174 pro
2304 3135 2375 3165 Wil-

1646 3181 1741 3210 lielmo
1761 3177 1893 3208 Edwards
1909 3176 2033 3204 Mercero
2051 3175 2086 3203 de
2100 3173 2214 3204 Bristoll.
2322 3184 2376 3204 no

1640 3259 2363 3279 W

1616 3329 1756 3376 Capituli«
1776 3330 1979 3364 Acronum
2007 3327 2087 3360 Dat.
2113 3326 2266 3373 Regnante
2287 3327 2376 3370 Heni

1886 3379 1946 3410 rico
1963 3373 2094 3409 oetam.

1907 3462 1990 3499 Vol.
2017 3465 2068 3497 11.
2100 3495 2104 3500 .

1876 3558 1930 3587 An.
1948 3566 1978 3594 9.
1996 3557 2070 3585 Hen.
2090 3554 2119 3586 8.

1615 3636 1702 3695 DE
1729 3635 1926 3664 Pardonatione
1944 3643 1994 3672 pro
2014 3630 2142 3661 Soldariis
2161 3632 2288 3663 Civitatis
2308 3634 2383 3663 'l‘or³

1707 3684 1802 3702 nacen.
2252 3673 2344 3701 Num.
2366 3680 2380 3700 ι

1618 3714 1661 3742 Ad
1678 3712 1849 3741 Cardinalem
1863 3712 1989 3740 Eborum
2007 3709 2088 3748 super
2105 3707 2293 3739 deliberatione
2307 3712 2385 3745 Τοῖα,

1654 3753 1732 3785 naci,
1753 3754 1806 3780 &c.
2364 3759 2382 3777 2

1621 3791 1731 3818 Minuta
1757 3788 1924 3818 Comi-aelus
1955 3786 2130 3816 Matrimonii
2148 3787 2217 3815 inter
2237 3786 2385 3826 Primoge-

1657 3829 1752 3857 nitum
1775 3829 1861 3866 Regis
1879 3826 1996 3855 Franciae
2014 3827 2043 3855 δι
2064 3824 2178 3854 Mariam
2199 3823 2294 3854 Filiam
2321 3825 2387 3855 uni-

1656 3876 1719 3895 cam
1739 3867 1836 3904 Regis,
2366 3873 2383 3902 3

1623 3905 1827 3973 Dittfiaehndo
1845 3904 1879 3933 de
1897 3904 1967 3934 Pace
1982 3913 2051 3935 cum
2071 3901 2174 3934 Car-olo
2193 3903 2319 3941 Principe
2333 3902 2389 3933 Ce-

1681 3953 1695 3973 ς
1714 3953 1747 3982 ²2
2367 3951 2389 3978 4

2346 3980 2393 4008 De
