2561 4263
152 118 209 158 94
530 89 1190 140 SYLLABUs

583 298 637 325 An.
650 305 683 336 74.
702 299 730 326 δι
751 305 778 332 5.
796 294 866 324 Phil.
885 297 913 325 ὅτ.
936 296 1005 322 Mar.

249 393 279 420 4·
299 382 333 417 (ᾗ.
352 391 378 416 ς,
409 375 451 402 De
468 373 589 401 Licentia
604 373 781 411 imprimendi
799 372 914 400 Librum
931 377 1023 398 vocat.
1038 368 1173 398 Holsome

148 399 219 438 ¹558
250 420 358 454 HAL&
446 413 498 440 and
512 411 657 440 Catholike
673 411 806 440 DoCtrine
821 409 990 446 concerning
1016 407 1062 436 the
1086 409 1173 435 Seven

248 465 319 489 Man
413 452 749 517 Desziiidffiidxgsbomino
766 485 891 524 Clynton
907 487 934 514 ὅ(
954 487 1006 523 Say
1027 455 1173 512 Admirallci

446 527 609 554 constituto.
1141 531 1170 559 ¹3

411 566 465 592 Pro
489 565 617 602 johanne
640 563 717 592 Clere
734 584 741 595 ,
776 563 809 590 de
832 561 1027 590 ConduCtione
1047 560 1173 588 Navium

447 603 537 631 versus
564 605 654 631 Partes
677 600 796 630 Boreales
821 599 1053 638 proficiscentium
1069 619 1077 631 ‚
1106 608 1174 627 con-

448 641 531 669 ceffo.
1142 647 1176 674 ¹4

586 795 642 823 An.
661 801 690 829 5.
709 794 737 821 ει
758 793 786 821 6.
805 790 877 820 Phil.
894 793 922 820 sc
944 793 1016 820 Mar.

414 871 466 898 Pro
483 869 631 899 willielmo
648 873 745 907 Havye
762 866 948 896 Clarencieulx
971 869 1050 905 Rege
1073 867 1175 895 Armo-

449 919 530 942 rum,
551 911 584 938 de
602 910 735 937 Potestate
758 907 881 936 visitandi
901 906 1074 934 Provinciam
1099 905 1177 934 suam

448 948 514 975 citra
531 950 675 976 Trentarn.
1147 946 1178 971 16

253 884 278 912 3·
299 873 333 908 «θ’
351 883 380 910 4-

247 913 316 943 Phil.

249 955 321 981 Mart

146 886 219 915 ‘559

418 1063 470 1089 Pro
487 1062 598 1090 Thoma
615 1062 731 1091 comite
744 1061 850 1090 Suffex.
865 1060 1005 1097 Deputato
1022 1030 1177 1092 Hiberniciez

452 1102 485 1129 de
500 1101 620 1129 Licentia
634 1101 788 1129 absentandi
803 1101 835 1128 ab
854 1098 1000 1131 Hibernia,
1021 1100 1048 1127 ὅ(
1071 1099 1104 1126 de
1125 1098 1177 1135 Ju-

454 1139 572 1167 sticiariis
587 1139 650 1167 loco
664 1139 714 1168 suo
721 1138 931 1189 ‘appunetuatia
1148 1135 1178 1162 18

636 1216 689 1245 An.
708 1215 736 1244 8.
756 1214 826 1244 Eliz.
845 1214 971 1251 Reginae.

151 1287 226 1323 ‘1566
257 1283 274 1312 8
291 1282 360 1313 Eliz.

629 1411 684 1439 An.
707 1418 749 1447 ¹3-
769 1408 840 1437 Eiiz.
860 1406 987 1444 Reginae‘.

155 1490 226 1520 *¹571
262 1475 374 1515 13Eliz.

462 1839 536 1857 rum.
1156 1837 1190 1866 23

641 1984 696 2013 An.
717 1992 760 2020 ¹4·
780 1980 854 2011 Eliz.
873 1981 999 2021 Reginae.

162 2067 236 2097 ,1572
271 2055 381 2094 14Eliz.

437 2559 479 2586 De
501 2558 623 2587 Licentia
642 2559 835 2598 Oenopolium
856 2560 975 2597 erigendi
995 2562 1022 2588 &
1043 2560 1115 2588 Vina
1134 2570 1200 2588 ven-

475 2873 557 2897 tum,
579 2866 717 2893 Lancastr.
741 2868 798 2895 &c.

478 2942 609 3007 Regfflae,
632 2944 687 2971 &c.
706 2952 753 2985 per
772 2943 916 2971 Thomam
937 2943 1079 2972 Thurland
1098 2946 1126 2973 δι
1147 2945 1201 2972 Da-

478 2988 522 3007 n1e
532 2989 577 3007 em
600 2981 798 3018 Houghietter.
1169 2993 1204 3026 351.

438 3017 610 3054 Dispensatio
625 3019 774 3048 Willielmo
796 3021 896 3049 Hewet
914 3021 1036 3049 conceffa
1054 3030 1101 3059 per
1117 3022 1204 3060 Regl-

476 3065 552 3086 nam,
1169 3069 1205 3097 35

651 3135 706 3163 An.
728 3144 771 3171 ¹5.
791 3133 862 3164 Eliz.
882 3136 1007 3174 Reginae.

185 3214 256 3244 ,ις-73
287 3215 397 3252 153113„
444 3210 487 3237 De
511 3210 647 3252 l'otestate
669 3212 818 3241 commissa
845 3212 877 3239 ad
904 3212 1096 3250 inquirendum
1127 3212 1207 3251 super

483 3249 634 3277 Haereubus
650 3269 659 3282 ,
686 3251 775 3278 Libris
802 3250 933 3280 seditiofis
962 3253 989 3280 δε
1013 3250 1070 3279 aliis
1092 3251 1207 3279 offensis

482 3285 670 3316 Ecclesiasticis
690 3289 907 3328 quibuscunque.
1173 3292 1207 3326 36

446 3325 488 3353 De
506 3324 615 3353 Officio
635 3327 812 3364 Apothecarii
829 3328 946 3366 Reginae
964 3327 1105 3356 conceffo.
1173 3337 1205 3365 37

655 3402 710 3430 An.
733 3404 777 3431 16.
796 3400 869 3431 Eliz.
887 3403 1013 3440 Reginae.

188 3470 266 3506 1¹574
291 3475 402 3505 16Eliz.
446 3478 499 3505 Pro
520 3479 659 3506 Gommer
678 3480 740 3506 Van
761 3478 958 3507 Oosterwieke
981 3479 1094 3507 Musico
1120 3478 1206 3517 Regi-

484 3526 526 3544 nae
538 3537 545 3548 ,
564 3517 596 3543 de
615 3517 807 3545 Conceffione.
1159 3518 1207 3560 '38

451 3554 503 3580 Pro
527 3554 633 3591 jacobo
661 3555 791 3592 Brigham
807 3576 815 3588 ‚
844 3555 877 3583 de
904 3555 1086 3584 Concessione
1107 3556 1207 3594 viginti

490 3592 672 3621 Denariorum
690 3603 734 3630 per
751 3594 835 3621 diem.
1172 3603 1206 3630 39

452 3628 505 3655 Pro
531 3630 636 3665 jacobo
663 3631 782 3669 Burbage
803 3634 830 3660 ὃς
846 3630 902 3659 aliis
917 3652 925 3664 ‚
956 3632 988 3660 de
1008 3632 1129 3661 Licentia
1149 3633 1207 3660 Co-

491 3668 604 3695 moedias
624 3671 651 3697 δε
671 3669 848 3707 Tragoedias,
869 3672 924 3698 δῖε.
942 3671 1094 3698 exercendi.
1170 3681 1207 3707 40

452 3704 505 3731 Pro
523 3704 635 3732 Thoma
651 3707 849 3744 Maffingberde
864 3708 964 3736 intuitu
981 3709 1088 3736 Servitii
1104 3711 1131 3738 &
1150 3710 1207 3736 De-

487 3742 670 3779 perditorum‚
688 3745 720 3772 de
736 3746 917 3773 Conceffione
935 3747 1002 3774 Loci
1026 3747 1105 3774 unius
1132 3746 1208 3774 Mili-

489 3788 553 3808 tum
571 3779 759 3810 Elcernosmar.
777 3784 847 3820 apud
862 3784 1016 3811 Windesor.
1170 3795 1204 3820 41

453 3819 505 3845 Pro
522 3818 626 3855 Jacobo
642 3821 840 3853 Vantroullier,
859 3823 892 3850 de
910 3822 1031 3850 Licentia
1046 3823 1206 3856 imprimen-

489 3857 515 3883 di
534 3857 650 3884 Novum
669 3858 875 3887 Testamentum
895 3861 973 3888 Bezae
995 3870 1060 3888 cum
1084 3864 1207 3889 Annota-

488 3895 609 3922 tionibus
624 3915 630 3926 ,
649 3897 703 3923 &c.
1168 3909 1205 3934 42

453 3932 494 3959 De
512 3933 616 3961 Officio
632 3933 812 3971 Typographi
825 3944 854 3963 ac
871 3934 1027 3974 Bibliopolae
1044 3936 1157 3973 Reginae
1177 3938 1205 3966 in

1206 176 1257 498 ξξξξξξξξ

1211 539 1258 550 ραι

414 678 577 715 Ejusmodi,
590 688 640 716 pro
659 676 808 705 Willielmo
818 676 997 705 Woodhouse
1011 675 1102 705 versus
1111 676 1174 704 Par·
1218 662 1259 718 ‚ff

450 725 490 746 tes
504 716 703 746 occidentales.
885 743 887 745 ,
1142 722 1175 750 15
1218 714 1252 752 ᾗ

415 986 466 1013 Pro
486 984 552 1013 Polo
571 984 722 1017 cardinali,
743 985 776 1013 de
802 982 927 1011 Licentia
950 982 1104 1014 retinendi,
1125 985 1182 1011 &c.
1218 996 1227 1008 ο
1254 984 1262 994 ³

415 1293 457 1321 De
481 1291 612 1330 J⁰h²¹¹¹¹e
637 1292 727 1322 Feilde
751 1291 919 1329 Chirurgico
947 1290 1064 1328 Reginae
1094 1289 1181 1318 facto.

1148 1337 1181 1364 19

1245 1468 1263 1482 χ(

424 1487 510 1524 Super
526 1486 753 1524 Impreffionibus
771 1483 998 1523 Ephemeridum.
1149 1491 1184 1509 20
1229 1480 1269 1521 ζ’

424 1526 466 1553 De
483 1525 604 1553 Licentia
619 1523 709 1552 Secale
724 1524 834 1552 emendi
848 1524 876 1551 ὅ(
892 1522 921 1548 in
937 1519 1030 1548 Ruffia
1045 1519 1185 1548 traducen-
1230 1520 1265 1561 J}

461 1563 489 1591 di
506 1573 555 1600 pro
570 1562 704 1590 beneficio
720 1560 904 1589 commercii.
1151 1568 1182 1586 21
1230 1559 1264 1602 ’ἐξ

426 1601 594 1629 Commissio
617 1598 736 1637 specialis
760 1598 837 1636 super
866 1595 1080 1626 Reformatione
1109 1596 1186 1625 Abu·
1231 1603 1265 1634 Ξ.»

464 1639 544 1667 suum
556 1659 563 1669 ,
587 1637 811 1668 Enormitatum,
832 1638 887 1665 &C.
901 1636 929 1663 in
947 1636 1039 1664 Rebus
1058 1633 1187 1664 Ecclefia-
1230 1631 1265 1671 {e

465 1677 535 1704 sticis
553 1675 624 1704 infra
644 1674 784 1704 Dioeceses
805 1672 933 1703 Lincoln.
951 1676 980 1703 ὃς
1000 1673 1189 1711 Petriburgen.
1231 1669 1267 1723 3:⁴3

1154 1722 1188 1740 22
1234 1718 1268 1747 :la

428 1753 471 1781 De
503 1750 649 1780 Molimine
678 1751 798 1781 lucrandi
821 1751 1023 1790 quinquaginta
1046 1760 1093 1789 per
1116 1751 1191 1779 Cen·
1234 1750 1269 1788 {a}

465 1800 544 1823 turn,
569 1801 635 1820 cum
658 1791 783 1820 Pecuniis
810 1790 995 1819 Mercatorum
1018 1789 1191 1828 Alienigena·
1236 1791 1269 1827 ἓιξζ

429 1869 482 1896 Pro
499 1869 693 1897 Mercatoribus
707 1867 908 1906 negotiantibus
930 1867 959 1894 in
975 1866 1110 1896 Dominia
1132 1868 1193 1895 lm·
1235 1860 1264 1910 {'

466 1907 594 1945 peratoris
611 1907 732 1940 Ruffiae,
752 1907 786 1934 de
803 1906 936 1934 Licentia.
1157 1915 1194 1942 ²4
1232 1914 1240 1925 ‘
1257 1912 1273 1947 ,ξ

1239 2038 1250 2053 5

432 2060 475 2088 De
491 2059 612 2088 Licentia
627 2059 750 2088 Thomae
767 2059 856 2087 Marih
873 2059 999 2087 concessa
1018 2058 1196 2098 imprimendi
1238 2048 1277 2096 ς’)

473 2100 500 2128 &
515 2098 650 2127 vendendi
667 2098 804 2126 Authores
821 2096 960 2126 Clafficos.
1160 2107 1174 2125 2
1178 2106 1197 2133 5
1240 2088 1281 2138 ᾧ

433 2137 476 2165 De
491 2137 617 2165 Licentia
631 2135 753 2173 johanni
768 2138 859 2164 Barret
872 2136 996 2164 concess‘a
1019 2136 1197 2175 imprimendi
1240 2142 1275 2178 ῃ

471 2178 498 2204 δι
514 2176 647 2204 vendendi
665 2174 881 2203 Dietionarium.
1162 2177 1197 2202 26
1241 2170 1275 2209 2*ss

434 2215 477 2242 De
495 2213 654 2242 Praelefitore
666 2213 741 2252 Juris
757 2211 852 2241 Civilis
873 2213 901 2241 in
920 2213 1077 2252 Cantebrig.
1095 2213 1197 2242 consti·
1242 2210 1276 2252 2⁴,

469 2259 542 2281 tuto.
1163 2261 1196 2287 27
1241 2264 1253 2289 t
1265 2262 1276 2287 2

434 2292 477 2319 De
497 2290 660 2329 inquirendo
680 2289 758 2329 super
776 2290 919 2322 Navibus,
948 2290 1050 2322 Bonis,
1073 2291 1197 2318 Mercan—
1241 2288 1276 2330 (⁴⁴³⁴

469 2329 544 2361 difis,
566 2331 621 2358 &c.
642 2329 820 2358 Subditorum
842 2329 928 2367 Regis
947 2329 1063 2366 Hispan.
1083 2331 1112 2358 ὃς
1131 2328 1200 2357 alio·
1242 2333 1276 2371 <¹3

469 2377 532 2395 rum
543 2367 764 2405 Alienigenarum
774 2375 907 2405 praetextu
916 2367 1130 2396 Commiffionis
1142 2369 1198 2395 Re·
1242 2385 1253 2410 ζ
1266 2385 1276 2393 2

470 2407 561 2444 ginae,
585 2407 731 2439 attestatis,
761 2407 875 2435 detentis
893 2405 937 2434 vel
954 2405 1086 2444 elongatis
1104 2425 1113 2438 ‚
1140 2408 1199 2435 &c.
1243 2411 1280 2433 *a*

1163 2445 1198 2472 28
1242 2442 1276 2477 Β),

435 2483 478 2509 De
504 2481 702 2511 Pardonatione
726 2482 974 2511 ForisfaC-turarum
1001 2482 1081 2521 super
1101 2483 1201 2512 Statut.
1242 2481 1278 2517 2¹(

471 2527 568 2547 contra
582 2521 768 2558 receptionem
789 2521 884 2549 Usurae
903 2521 1054 2550 exceffivae.
1163 2531 1199 2557 29
1244 2536 1247 2537 ν
1274 2520 1283 2529 ’

471 2597 551 2625 dendi
570 2617 579 2630 ,
612 2597 874 2626 Proclamationibus
896 2601 925 2625 in
951 2599 1121 2626 contrarium
1141 2608 1199 2626 non
1244 2603 1276 2631 δυ,-

469 2635 651 2664 obstantibus.
1166 2647 1200 2673 30
1244 2640 1281 2675 *μζ

438 2673 605 2702 Commissio
627 2676 659 2704 ad
677 2675 872 2713 inquirendum
890 2674 969 2713 super
988 2674 1082 2704 Cauiis
1103 2675 1200 2705 Eccle-
1245 2678 1280 2715 ἐξ

471 2711 597 2744 sufficis,
618 2715 672 2741 διε.
1168 2723 1198 2751 31
1246 2708 1270 2746 s..

437 2750 481 2777 De
501 2749 664 2787 inquirendo
682 2751 761 2788 super
780 2751 922 2784 Navibus,
952 2752 1035 2780 Bonis
1050 2772 1058 2784 ,
1086 2754 1144 2781 &a
1171 2760 1203 2781 ut
1245 2747 1281 2785 *03

474 2787 551 2825 supra
570 2798 677 2817 numer.
696 2789 741 2817 28.
1168 2800 1200 2828 32
1245 2788 1280 2825 ‘ff

439 2826 482 2854 De
510 2826 632 2854 Licentia
662 2828 789 2865 Cuprum
807 2827 921 2856 cudendi
940 2828 968 2855 in
988 2828 1109 2856 Partibus
1127 2829 1201 2857 Ebo-
1246 2816 1279 2870 {f

440 2904 483 2931 De
511 2903 606 2931 Rebus
632 2903 763 2933 faciendis
788 2914 839 2942 pro
865 2906 982 2933 Honore
1008 2907 1036 2934 δι
1065 2877 1202 2934 Beneficii
1246 2886 1281 2945 ἶ*

1273 82 1488 134 SEU

1574 82 1977 130 INDEX

1594 249 1710 282 Latino,
1733 250 1831 277 Graeco
1847 250 1875 277 &
1891 248 2024 276 I-kbraico
2047 248 2241 282 Sei-monibus,
2262 245 2319 278 &c'a

1594 288 1736 316 Francisco
1755 287 1865 315 Flovver
1877 286 2016 314 concesso.
2279 297 2314 324 43

1557 328 1599 354 De
1614 327 1720 354 Officio
1737 326 1866 353 Custodis
1882 323 1923 353 vel
1936 326 2048 351 Yoman
2064 325 2190 353 Vestium
2207 328 2234 354 Sc
2260 328 2318 364 Ap-

1595 364 1701 402 paratus
1727 363 1849 392 Lusuum
1868 362 2033 391 larvatorum
2045 383 2052 393 ‚
2071 362 2201 391 Phalerar.
2221 365 2319 402 Equo-

1594 412 1655 430 rum
1672 412 1724 439 pro
1740 402 1970 432 Tor-neamentiS,
1992 401 2134 428 concesso.
2280 412 2319 439 44

1559 442 1602 468 De
1618 441 1724 468 officio
1740 441 1879 468 Secretarii
1897 443 1924 469 ὃς
1944 439 2074 467 Custodis
2100 439 2206 476 Signeti
2230 441 2319 468 Geor-

1595 479 1643 516 gio
1661 478 1745 506 Blithe
1759 479 1899 506 conceffo.
2282 488 2320 515 45

1559 518 1601 544 De
1625 517 1747 544 Denariis
1764 516 1869 544 vocatis
1885 514 1978 553 single
1994 517 2082 544 Pence
2096 515 2240 543 cudendis.
2282 518 2320 552 46

1559 557 1602 583 De
1632 555 1839 582 Commiffione
1871 553 2051 582 Ecclefiastica
2076 564 2126 592 pro
2151 553 2321 583 Dioecefibus

1597 592 1696 621 Gleuc.
1717 595 1745 622 ὃς
1762 591 1876 621 Eristoll.
2285 602 2321 628 47

1776 671 1831 698 An.
1853 678 1896 705 ¹7·
1914 667 1989 697 Eliz.
2008 662 2136 707 Reginae.

1564 745 1707 782 Ejusmodi
1721 756 1771 784 pro
1784 744 1913 774 Dioecese
1932 744 2059 773 Lincoln.
2288 745 2326 782 48

1562 785 1605 812 De
1631 785 1754 812 Licentia
1778 784 1958 822 imprimendi
1983 782 2139 812 Cantilenas
2163 782 2192 810 in
2212 782 2328 821 Linguis

1602 822 1710 860 Anglic.
1729 823 1799 852 Gall.
1818 826 1873 852 &c-
2289 831 2330 857 49

1567 862 1617 889 Pro
1634 861 1757 889 Martino
1774 861 1914 894 Fubriser,
1935 861 1968 890 de
1984 859 2161 888 Proteffione
2177 862 2205 889 ὅ(
2229 860 2328 888 Licen-

1601 900 1637 928 tia
1653 896 1846 929 transfretandi
1856 909 1902 937 per
1917 906 1971 928 tres
1988 902 2093 927 Annos.
2292 908 2329 934 50

1566 939 1609 966 De
1623 939 1758 971 Potestate
1774 948 1828 965 200
1843 938 2013 966 Tenentium
2040 935 2193 965 Villaticor.
2214 936 2329 974 Reginae

1601 977 1790 1015 emancipandi
1804 979 1890 1005 Henr.
1907 979 1960 1005 Lea
1977 974 2038 1005 Mil.
2054 975 2186 1004 concessa.
2292 983 2326 1011 51

1779 1054 1834 1082 An.
1856 1053 1900 1083 18.
1917 1052 1990 1082 Eliz.
2005 1052 2135 1091 Reginae.

1506 1147 1513 1154 ·
1568 1131 1622 1158 Pro
1641 1129 1780 1158 Edwardo
1799 1131 1825 1158 &
1843 1128 1986 1158 Francisco
2004 1128 2077 1157 Filiis
2094 1128 2224 1157 Nicholai
2238 1129 2331 1158 Bacou

1605 1167 1702 1196 Militis
1732 1168 1861 1196 Custodis
1885 1169 1980 1206 Magni
2014 1166 2116 1206 Sigilli,
2147 1168 2182 1196 de
2210 1169 2334 1197 Licentia

1604 1206 1810 1239 transfretandi,
1832 1207 1954 1235 studendi
1969 1207 2061 1235 causa.
2293 1216 2331 1241 52

1568 1247 1622 1274 Pro
1644 1245 1757 1274 Thoma
1780 1244 1969 1283 Cornewallys
1984 1243 2068 1273 .Aulae
2094 1245 2190 1283 Regiae
2205 1245 2332 1280 janitore

1608 1284 1757 1315 Primario,
1776 1285 1809 1313 de
1833 1285 1955 1312 Licentia
1972 1284 2137 1313 concedendi
2164 1284 2331 1312 Potestatem

1608 1323 1719 1350 Domos
1734 1321 1860 1350 Lusor-ias
1877 1322 1997 1361 erigendi
2016 1321 2088 1349 infra
2103 1322 2233 1350 Civitates
2253 1324 2332 1350 Lon-

1606 1362 1672 1390 don.
1692 1363 1719 1390 &
1738 1361 1853 1389 Westm.
1872 1363 1900 1390 ὅ(
1917 1360 2034 1389 suburb.
2052 1361 2207 1389 earundem.
2294 1369 2331 1398 53

1571 1401 1623 1427 Pro
1647 1398 1785 1428 francisco
1808 1401 1844 1428 du
1867 1400 1976 1437 Bignon
2002 1397 2179 1436 Alienigena,
2198 1398 2230 1427 de
2253 1400 2332 1427 Con-

1607 1437 1726 1466 cessione
1752 1439 1820 1466 osto
1852 1438 2035 1467 Denariorurn
2063 1447 2111 1475 per
2134 1438 2206 1465 diem
2230 1437 2335 1466 intuitu

1606 1476 1714 1504 Servitii
1733 1476 1761 1504 in
1777 1476 1888 1505 Guerris
1906 1477 2017 1505 Henrici
2035 1476 2137 1505 Ostavi
2153 1475 2336 1504 transmarinis

1572 1537 1576 1541 .
1607 1514 1732 1552 impenfi.
2296 1523 2335 1551 54

1571 1553 1613 1581 De
1632 1553 1754 1581 Licentia
1770 1553 1948 1591 imprimendi
1963 1551 2082 1582 Psalmos
2100 1553 2189 1581 David
2205 1553 2232 1582 in
2250 1554 2336 1582 Metr.

1607 1593 1663 1621 &c.
2316 1601 2335 1627 5

1573 1630 1614 1658 De
1633 1629 1810 1658 protectione
1825 1638 1876 1668 pro
1891 1631 1989 1658 Rocco
2005 1629 2135 1658 Bonnetti
2153 1628 2212 1658 Ital.
2295 1601 2336 1666 {6

1573 1670 1615 1696 De
1633 1668 1753 1697 Licentia
1768 1667 1984 1706 Sphaeristerium
1995 1689 2003 1700 ‚
2024 1671 2078 1697 διε.
2095 1668 2226 1706 erigendi.
2298 1677 2336 1704 57

1573 1707 1680 1736 Intuitu
1705 1707 1917 1745 Deperditorum
1942 1706 2023 1744 supra
2046 1708 2137 1740 Mare,
2155 1707 2187 1734 de
2212 1706 2338 1735 Licentia

1610 1745 1792 1774 Eleemofinas
1807 1744 1966 1783 colligendi.
2299 1745 2336 1780 58

1575 1785 1626 1812 Pro
1651 1783 1791 1813 Nicholao
1817 1783 1966 1812 Alexander
1983 1805 1991 1817 ,
2018 1784 2051 1812 de
2078 1783 2156 1812 Loco
2178 1783 2259 1812 unius
2280 1784 2338 1811 Mi-

1611 1821 1691 1851 litum
1711 1822 1904 1851 Eleemofinar.
1922 1822 1994 1860 apud
2019 1822 2182 1859 Wyndesor.
2200 1821 2339 1851 concesso.

1577 1897 1746 1926 commiffio
1767 1906 1817 1935 pro
1841 1895 1934 1925 Causis
1958 1895 2145 1926 Ecclesiasticis
2168 1898 2196 1927 in
2213 1869 2341 1926 Dioecgsz

1616 1936 1780 1965 Norwicen.
2301 1938 2340 1964 60

1580 2087 1720 2136 Capitula
1738 2089 1768 2122 A
1782 2098 1804 2122 c
1817 2099 1841 2122 τ
1854 2099 1877 2122 o
1892 2100 1912 2122 n
1927 2100 1951 2122 u
1965 2100 1993 2122 M
2015 2090 2089 2122 Dat.
2108 2090 2258 2135 Regnante
2273 2086 2343 2121 Eli-

1823 2135 1959 2170 zabetha
1979 2140 2105 2186 Regina.

1907 2231 1989 2271 Vol.
2013 2232 2043 2269 I.

1801 2330 1855 2361 An.
1878 2340 1902 2362 ι.
1922 2329 1993 2360 Eliz.
2013 2331 2137 2369 Reginaea

1660 2445 1784 2474 Partibus
1800 2446 1982 2475 transmarinis
1995 2449 2044 2480 ,de
2063 2445 2229 2476 Allocatione
2243 2449 2346 2477 tacien-

1656 2505 1662 2511 .
2218 2489 2307 2515 Num.
2331 2495 2341 2514 ¹

1585 2523 1627 2550 De
1642 2523 1787 2560 Computo
1802 2522 1926 2552 faciendo
1941 2532 2007 2551 cum
2022 2524 2221 2552 Executoribus
2239 2526 2347 2554 Ricardi

1624 2561 1788 2589 Wilbraham
1806 2563 1928 2601 Magistri
1947 2561 2086 2600 jocalium
2110 2572 2195 2601 nuper
2221 2564 2348 2602 Reginae.

1587 2639 1639 2666 Pro
1664 2638 1781 2667 Ricardo
1805 2637 1930 2671 Tottell,
1964 2639 1998 2667 de
2020 2639 2142 2667 Licentia
2156 2612 2347 2677 ,imprimend'i

1623 2685 1721 2705 omnes
1741 2677 1837 2705 Libros
1850 2679 1883 2705 de
1899 2678 2056 2706 Communi
2077 2682 2167 2716 Lege,
2188 2679 2299 2706 durante
2319 2678 2348 2706 se

1493 2419 1499 2426 ·
1522 2440 1529 2447 Ι
1583 2408 1681 2463 PRO
1700 2405 1816 2441 Thema
1830 2408 1979 2441 Gressmm,
2000 2409 2106 2446 Agente
2120 2418 2170 2446 pro
2194 2410 2300 2448 Regina
2317 2411 2344 2439 in'

1620 2483 1653 2511 da

1624 2715 1690 2743 bene
1702 2715 1824 2753 gess'erit,
1846 2716 1980 2744 concessa.
2330 2725 2344 2752 3

1590 2753 1631 2781 De
1655 2754 1765 2786 Vadiis,
1790 2754 1903 2785 Feodis,
1924 2757 1979 2783 ἃς.
2005 2753 2140 2782 Nicholao
2157 2755 2246 2782 Bacon
2264 2753 2346 2782 Militi

1626 2792 1742 2819 Custodi
1757 2792 1852 2829 Magni
1869 2792 1954 2830 Sigilli
1968 2791 2113 2820 solvendis.

1588 2829 1630 2856 De
1648 2830 1780 2857 Potestate
1794 2830 1940 2857 commiffa
1955 2829 2088 2857 Moloss‘os
2107 2829 2149 2858 vel
2162 2831 2248 2859 Canes
2264 2831 2350 2859 Cate-

1624 2867 1714 2895 narios
1731 2877 1780 2904 pro
1798 2867 1872 2895 Lusu
1888 2868 2005 2906 Reginae
2019 2869 2153 2906 capiendi.
2329 2879 2349 2906 5

1589 2907 1632 2933 De
1652 2906 1776 2934 Roberto
1791 2905 1891 2943 Catlyn
1908 2904 1997 2934 Milite
2013 2906 2133 2944 Capitale
2147 2906 2302 2944 Justiciario
2318 2907 2351 2936 ad

1622 2942 1719 2972 Placita
1733 2945 1891 2982 Deputato‚
1912 2944 1940 2973 in
1959 2944 2084 2972 Absentia
2110 2944 2239 2974 Nicholai
2260 2947 2350 2974 Bacon

1624 2982 1753 3010 Custodis
1770 2983 1865 3019 Magni
1883 2981 1984 3020 sigilli,
2003 2983 2166 3011 constituto.
2332 2986 2350 3012 6

1590 3022 1641 3048 Pro
1659 3019 1796 3048 Nicbolao
1814 3022 1903 3048 Bacon
1926 3019 2015 3048 Milite
2038 3022 2160 3049 Custode
2185 3022 2280 3059 Magni
2306 3023 2349 3050 Si-

1627 3057 1700 3095 gilli,
1723 3057 1799 3096 quod
1828 3059 1897 3086 Aeta
1918 3057 1981 3091 sua,
2001 3066 2033 3086 ut
2056 3060 2157 3087 Custos
2179 3060 2282 3097 Sigilli,
2301 3060 2350 3087 ha·

1625 3097 1704 3124 beant
1720 3097 1778 3125 vim
1793 3098 1821 3126 ὃς
1837 3095 1970 3125 effeetum
1992 3106 2022 3125 ac
2047 3097 2067 3125 st
2089 3097 2268 3126 cancellarius
2289 3101 2349 3126 An-

1625 3134 1687 3172 gliae
1706 3135 1806 3163 fuisset.
2172 3170 2175 3173 1

1591 3174 1631 3200 De
1648 3174 1790 3202 Scrutinio
1809 3172 1932 3202 faciendo
1957 3183 2007 3211 pro
2030 3173 2130 3206 Bonis,
2150 3172 2274 3206 Catallis,
2295 3177 2350 3204 &c-

1627 3211 1752 3240 Edwardi
1774 3221 1859 3249 nuper
1883 3212 1967 3241 Ducis
1989 3212 2178 3244 Somersetiae,
2197 3214 2229 3241 ad
2250 3213 2349 3241 Debita

1626 3249 1671 3278 sua
1689 3249 1823 3278 solvenda.
2328 3252 2346 3279 8

1591 3289 1632 3316 De
1650 3288 1771 3316 Licentia
1788 3288 1982 3317 Mercatoribus
1998 3287 2022 3316 le
2036 3288 2217 3316 Adventurers
2234 3298 2349 3318 conces-

1623 3325 1649 3354 sa
1661 3326 1817 3355 traducendi
1834 3327 1950 3356 Pannos.
2329 3337 2348 3364 9

1591 3365 1632 3392 De
1663 3366 1782 3393 Henrico
1809 3365 1907 3402 Sidney
1927 3364 2015 3392 Milite
2027 3363 2293 3404 Vice-Thesautario
2319 3369 2349 3396 &

1628 3404 1778 3441 Receptore
1792 3404 1819 3431 in
1837 3403 1963 3431 Hibernia
1979 3402 2142 3431 constituto.
2317 3413 2349 3433 10

1591 3441 1642 3468 Pro
1667 3441 1814 3469 willielmo
1839 3443 1913 3469 Seres
1929 3461 1936 3472 ,
1971 3440 2004 3469 de
2026 3441 2147 3468 Licentia
2171 3441 2348 3480 imprimendi

1629 3479 1725 3507 Libros
1750 3480 1865 3508 Precum
1891 3479 2013 3515 privatar.
2039 3478 2178 3512 Psalteria,
2207 3483 2262 3509 &c.
2277 3490 2349 3510 con-

1624 3517 1706 3546 ceffa.
2314 3529 2343 3548 11

1593 3555 1680 3583 Litera
1705 3552 1830 3582 Nicholai
1857 3555 1948 3583 Bacon
1972 3554 2067 3583 Militis
2092 3556 2220 3584 Custodis
2251 3557 2347 3594 Magni

1627 3591 1712 3629 Sigilli
1729 3592 1761 3619 ad
1778 3592 1986 3621 Thesaurarium
2004 3593 2118 3632 Angliae.
2315 3605 2346 3623 12

1590 3630 1757 3658 Commissio
1779 3630 1896 3668 specialis
1919 3631 1998 3669 super
2022 3633 2114 3660 Rebus
2138 3631 2324 3661 Ecclefiasticis
2339 3654 2348 3666 ‚

1626 3667 1777 3696 secundum
1799 3669 1931 3697 effec'tum
1954 3671 2073 3698 duorum
2103 3671 2225 3698 Actuum
2251 3670 2351 3699 Pas-lia-

1628 3708 1731 3738 mcnti‚
1752 3706 1891 3740 videlicet,
1912 3709 2000 3736 Aetas
2022 3718 2072 3744 pro
2099 3708 2300 3736 uniformitate
2320 3709 2347 3738 in

1627 3745 1834 3773 communibus
1855 3746 1999 3778 Precibus,
2019 3748 2072 3774 &c.
2094 3748 2121 3774 δε
2148 3747 2232 3774 Actus
2254 3748 2285 3774 ad
2301 3756 2348 3775 an-

1628 3784 1717 3821 tiquas
1730 3783 1734 3787 '
1749 3784 1961 3821 jurisdictiones
1989 3785 2108 3812 Coronae
2136 3784 2350 3814 restaurandum.

1590 3861 1631 3887 De
1648 3859 1771 3888 Navibus
1791 3869 1847 3888 non
1863 3859 2008 3888 vendendis
2024 3858 2198 3896 Alienigenis.
2314 3833 2348 3898 ig

1592 3899 1632 3926 De
1651 3899 1772 3926 Licentia
1787 3898 1962 3935 imprimendi
1979 3898 2092 3926 Librum
2116 3907 2206 3927 vocat.
2225 3898 2347 3927 Cosmo-

1624 3935 1759 3974 graphical
1773 3936 1880 3969 Glasse,
1900 3938 1954 3966 διε.
2294 3945 2348 4004 Plg

2537 0 2561 122 ainwa
