2561 4263
771 188 1205 232 REGINAE

191 277 229 309 ria
239 277 486 317 compensabimus
502 277 595 316 gratia
609 285 693 317 atque
709 277 918 308 benevolentia.
928 277 1005 308 Bene
1020 273 1254 308 valeaswestm-

195 325 241 347 12.
260 316 337 348 Dec.
356 324 438 354 1554.

513 448 556 479 D.
581 444 737 479 Cardinali
754 448 778 477 S
777 454 913 476 araceno.

188 529 472 584 REverendiffime
504 530 607 561 Pater:
625 529 738 560 Litterae
753 528 853 560 vestrae
876 529 980 559 ultimo
1002 525 1121 565 Augusti
1135 523 1246 569 Roma:

266 569 355 607 datae‚
370 572 453 601 nobis
472 569 554 599 valde
572 576 696 608 acceptae
716 568 836 597 fixerunt.
850 567 981 605 Jucunda
997 567 1080 595 nobis
1102 561 1245 605 etiamwest

185 606 282 638 laetitia
296 608 385 639 vestra
404 609 440 638 de
459 607 559 637 nostro
577 614 712 644 percepto
734 606 942 643 Matrimonio,
954 615 1012 644 quo
1025 613 1093 635 curn
1111 602 1243 633 Domino

184 644 319 686 Conjuge
341 656 376 676 ue
393 646 490 676 nostro
509 645 668 676 charissimo
687 645 850 682 conjuntiae
868 644 971 674 sumus.
1149 679 1154 683 Ι

222 683 299 715 Haec
318 657 519 722 (qjonjunetio,
543 693 572 714 ut
593 685 671 714 foelix
693 684 758 712 huic
785 683 892 722 Regno
914 682 947 712 &
966 680 1083 722 salutaris
1096 677 1242 722 ⁴universae

187 721 380 759 Eccleiiae‚&
399 722 556 753 commoda
570 724 655 753 etiam
676 722 776 750 nostris
794 721 923 756 Amicis,
935 720 974 748 uti
994 717 1166 748 contudimus
1178 739 1187 752 ,
1200 718 1244 744 iu-

189 768 250 790 tura
265 760 314 790 est.
325 760 424 797 Quam
444 770 519 797 grata
535 763 627 799 itaque
640 760 720 789 nobis
739 760 770 789 iit
788 758 875 788 vestra
890 757 925 787 de
940 757 994 799 hac
1011 766 1054 799 rc,
1064 757 1095 797 &c
1112 762 1243 797 percepta

183 798 330 836 voluptas,
343 800 376 829 &
392 800 527 830 declarata
547 798 768 838 congratulatio,
785 805 814 826 ut
836 795 970 839 nuncius
994 794 1106 837 Litteris
1119 794 1241 835 libenter

184 835 387 875 significamus,
405 838 442 868 sic
456 838 555 868 nostro
573 838 671 869 favore
690 838 723 866 δε
741 835 960 869 benevolentia,
982 837 1069 869 reipia
1091 829 1242 868 aliquando

183 874 374 906 ostendemus.
410 876 582 914 Deus‚&c.
617 873 743 906 Westm.
771 882 816 903 12.
832 872 908 902 Dec.
927 879 1008 910 1554.

185 999 363 1047 Magnificis
380 1003 484 1044 Viris,
501 999 636 1046 nobisque
659 997 854 1040 Chariffimis,
885 995 994 1029 Elerssis
1015 995 1169 1039 Fidiffimae
1191 999 1241 1030 Ci-

573 1051 681 1081 vitatis
699 1047 849 1092 Neapolis.

238 1133 390 1165 Ommune
410 1133 532 1164 vestrum
553 1131 689 1170 gaudium
715 1154 724 1169 ‚
760 1130 965 1162 communibus
987 1129 1086 1160 vestris
1108 1129 1238 1172 testatum

258 1173 385 1211 Litteris,
400 1172 527 1211 singulari
549 1181 601 1201 nos
621 1171 767 1208 voluptate
789 1169 941 1199 afficiebat.
978 1169 1053 1199 Haec
1076 1177 1240 1198 animorum

182 1210 343 1242 vestrorum
365 1211 516 1257 propensio
534 1219 617 1248 atque
636 1209 826 1246 observantia,
842 1218 890 1245 per
905 1207 930 1237 se
947 1208 1062 1246 quidem
1079 1208 1163 1237 nobis
1180 1206 1239 1237 val-

184 1249 224 1280 de
238 1257 315 1287 grata
329 1248 378 1279 est.
415 1249 470 1279 bed
493 1249 560 1279 illud
585 1248 698 1277 Pietatis
714 1246 813 1277 vestrae
835 1246 1009 1283 institutum,
1026 1255 1084 1283 quo
1101 1245 1239 1276 solemnes

183 1288 367 1325 publicasque
392 1286 606 1326 supplicationes
628 1295 679 1326 pro
705 1285 787 1314 nobis
805 1285 960 1321 nostroque
980 1283 1143 1327 charissimo
1156 1283 1241 1325 Con-

182 1326 253 1364 juge
269 1327 302 1357 &
318 1325 470 1363 Domino,
487 1327 514 1356 in
531 1325 577 1356 illa
590 1322 759 1362 amplissima
775 1323 860 1354 Urbe
878 1323 994 1353 decerni
1014 1322 1174 1360 curaVIstis,
1196 1325 1240 1351 iu-

179 1363 354 1404 pramodum
375 1364 458 1394 nobis
472 1365 504 1394 &
520 1364 671 1401 probatum
686 1363 719 1392 &
737 1371 869 1399 optatum
883 1361 944 1390 fuit.
956 1360 1017 1391 Vos
1032 1361 1115 1398 igitur
1131 1360 1166 1390 de
1180 1360 1237 1390 hoc

179 1401 277 1433 vestro
291 1403 324 1433 &
340 1411 425 1441 gratae
442 1402 596 1432 voluntatis
611 1401 688 1431 sensu
706 1401 738 1431 &
760 1401 813 1437 pite
832 1400 985 1438 Religionis
1007 1399 1102 1434 cultu,
1116 1399 1237 1442 multum

178 1440 296 1478 quidem
316 1450 458 1471 amamus:
478 1440 656 1479 vicissimque
676 1439 861 1476 pollicemur,
877 1438 1012 1475 quicquid
1030 1438 1067 1480 illi
1087 1436 1166 1480 Urbi
1180 1445 1240 1474 gra-

180 1486 263 1515 tum,
283 1488 329 1508 aut
352 1479 456 1516 cuique
476 1479 600 1509 vestrum
616 1476 827 1515 commodum,
850 1478 866 1506 a
882 1478 964 1506 nobis
987 1476 1128 1514 proticisci
1144 1474 1241 1512 poffit,

179 1517 210 1546 id
234 1517 354 1547 libenter
381 1516 552 1554 praestaturae
579 1517 680 1547 sumus.
718 1515 794 1546 Bene
816 1515 916 1547 valete.
948 1522 993 1553 15.
1018 1514 1094 1545 Dec.
1116 1512 1242 1544 Westm.

183 1563 269 1593 1554-

181 1681 313 1715 Domino
330 1678 452 1714 Alberto
475 1684 590 1715 Seniori
614 1679 793 1714 Marchiom·
817 1679 1054 1728 Brandeburgico
1073 1705 1083 1722 ,
1109 1681 1192 1712 Duci
1212 1680 1243 1710 in

604 1727 715 1773 Pruffia
726 1756 736 1772 ,
762 1732 826 1768 &a

182 1815 403 1878 ILlustriffime
421 1816 558 1853 Princeps
574 1838 583 1854 ,
605 1813 764 1846 chariffime
783 1814 820 1845 C.
838 1814 920 1846 Binas
937 1814 1121 1846 Excellentiae
1135 1810 1245 1844 Vestrae

205 1893 210 1898 ⁴
234 1854 353 1886 Litteras
379 1855 578 1893 15.0t5tobris
598 1855 690 1891 dataS,
710 1855 764 1884 una
787 1863 856 1884 curn
876 1855 946 1885 oCto
967 1854 1140 1884 Falconibus
1161 1861 1244 1883 acce-

203 1903 285 1923 imus.

181 1901 202 1931 p
222 1931 314 1969 Quod
332 1933 409 1963 certe
429 1939 548 1969 munus,
567 1932 604 1962 ita
625 1930 710 1961 nobis
725 1938 838 1967 gratum
856 1930 962 1968 fuit,ut
980 1930 998 1960 fi
1017 1930 1045 1960 in
1065 1929 1122 1960 hoc
1137 1929 1244 1967 Regno

181 1969 299 2007 nostro,
319 1979 367 2008 par
383 1971 470 2007 ratio,
485 1978 531 2000 aut
554 1968 728 2009 gratificandi
748 1969 848 1998 vestrae
868 1969 1070 2006 Excellentiae,
1093 1976 1140 1998 aut
1160 1977 1244 1998 com-

182 2007 320 2038 modandi
341 2008 437 2038 vestris
457 2008 623 2038 hominibus
643 2007 726 2037 nobis
741 2007 834 2038 oblata
853 2007 952 2045 fuerit,
970 2015 1054 2038 tantae
1072 2006 1171 2038 vestrae
1189 2007 1242 2036 liu·

184 2047 312 2076 manitati
336 2046 454 2077 libenter
478 2047 561 2077 simus
581 2044 758 2082 responsurae.

220 2083 364 2123 Utraeque
386 2086 470 2115 etiam
490 2084 606 2115 Litterae
626 2083 729 2113 vestrae
749 2084 831 2115 nobis
852 2083 1009 2114 admodum
1037 2090 1166 2120 acceptae
1180 2081 1243 2113 fue-

181 2131 263 2153 runt:
292 2122 424 2160 Qiarum
442 2123 534 2153 alterae
550 2122 660 2153 causam
676 2121 818 2152 Laurentii
838 2122 952 2153 Fentzel
968 2122 1064 2152 denuo
1087 2122 1169 2151 nobis
1197 2130 1244 2150 ac-

183 2162 280 2192 curate
302 2162 552 2193 commendarunt.
590 2160 712 2198 Alterae,
734 2170 865 2200 magnam
886 2160 1094 2191 benevolentiae
1115 2157 1244 2190 testifica-

184 2201 316 2237 tionem,
338 2199 393 2237 qua
410 2209 479 2237 nos,
491 2198 602 2239 quaque
617 2198 780 2228 Dominum
793 2199 826 2230 &
844 2199 1012 2238 Conjugem
1027 2198 1156 2228 nostrum
1172 2199 1239 2228 cha-

184 2237 325 2268 iiffimum
341 2237 514 2268 Excellentia
522 2237 621 2267 Vestra
636 2237 935 2275 prosequitur,sumrna
949 2246 1019 2267 cum
1035 2237 1177 2274 utriusque
1190 2246 1246 2266 no-

183 2275 233 2306 stri
250 2276 394 2313 voluptate
408 2276 590 2307 declararunt.
619 2276 719 2312 Quam
733 2277 823 2306 animi
838 2276 923 2308 vestri
937 2276 1189 2312 voluntatem,nos
1203 2275 1246 2305 vi-

189 2314 281 2346 ciffim
306 2314 406 2345 nostro
422 2323 525 2345 mutuo
537 2314 645 2352 studio,
661 2314 780 2344 libenter
796 2314 1051 2352 compensabimus.

223 2352 313 2384 Causa
333 2355 403 2383 vero
424 2353 459 2382 L.
478 2353 615 2390 Fentzel,
636 2361 807 2392 quamquam
834 2363 912 2384 antea
926 2353 1025 2383 nostro
1036 2351 1109 2390 J'ussu
1125 2351 1246 2389 diligen-

188 2399 231 2422 ter
254 2391 269 2420 ὲ
291 2391 374 2421 nobis
388 2392 505 2430 cognita
519 2391 552 2421 &
566 2391 701 2428 explicata
716 2392 819 2429 fuerit,
841 2391 958 2422 liberam
982 2400 1078 2421 tamen
1095 2390 1188 2420 eidem
1210 2389 1246 2420 L.

190 2430 225 2460 F.
248 2430 325 2461 suam
344 2429 441 2460 denuo
465 2430 566 2468 agendi
590 2428 702 2459 causam
727 2452 737 2467 ,
772 2430 941 2466 potestatem
961 2428 1213 2466 concedemus,&
1229 2428 1248 2458 fi

185 2478 275 2506 quam
299 2477 404 2498 novam
428 2469 509 2498 rebus
531 2467 583 2497 suis
604 2468 811 2498 commodandi
829 2469 965 2499 rationem
983 2469 1141 2506 excogitare
1156 2476 1249 2506 queat,

185 2506 323 2545 eandem,
341 2506 435 2544 quoad
453 2507 566 2544 aequitas
590 2507 677 2544 feret,
694 2506 813 2537 libenter
835 2507 1026 2538 admittemus.
1064 2505 1161 2545 Deus,
1185 2507 1249 2538 &c.

181 2544 313 2581 Westm.
329 2553 370 2584 15.
387 2544 462 2575 Dec.
474 2552 560 2584 1554.

186 2665 356 2712 Illustribus
372 2671 408 2706 ὠ*
430 2667 608 2715 Magnificis
631 2670 784 2711 Dominis,
810 2670 946 2702 Dominis
964 2666 1115 2713 Capitibus
1133 2668 1249 2712 Consilii

230 2719 343 2750 Decem
371 2716 452 2762 apud
475 2717 609 2750 inclitam
629 2715 853 2764 Rempnbliccim
875 2718 1035 2760 Venetam,
1060 2720 1177 2750 Amicis
1199 2730 1247 2749 no-

225 2763 301 2808 stris
332 2763 523 2808 Chariffimis.

187 2849 380 2904 MAgnifici
399 2850 475 2888 Viri,
487 2851 585 2883 Amici
599 2851 689 2884 nostri
705 2849 876 2884 Cliariffimi.
894 2852 1010 2884 Marcus
1026 2852 1168 2885 Antonius
1182 2852 1245 2884 Eri-

268 2897 336 2927 zus,
350 2889 432 2920 Civis
447 2890 588 2928 Venetus,
603 2892 722 2922 aliorum
740 2893 834 2929 potius
855 2892 938 2930 culpa
948 2916 957 2929 ,
983 2893 1068 2932 quam
1084 2893 1131 2924 sua
1148 2893 1246 2930 opera,

188 2926 280 2966 longo
285 2928 347 2965 jam
361 2927 520 2959 molestatus
537 2929 636 2967 exilio,
646 2930 716 2960 nihil
732 2931 870 2968 antiquius
885 2939 932 2962 aut
951 2932 1041 2967 magis
1055 2940 1184 2969 optatum
1200 2931 1250 2961 ha·

189 2965 256 3003 bet,
282 2974 367 3003 quam
387 2974 418 2997 ut
439 2967 469 2996 in
488 2967 598 3004 Patria,
612 2969 661 2998 sub
679 2968 777 2998 vestrae
798 2969 979 3006 Reipublicae
999 2971 1120 3008 imperio
1140 2992 1149 3007 ,
1187 2970 1249 2999 reli-

186 3013 276 3041 quam
296 3004 485 3047 uitam'suam
510 3005 624 3035 honeste
646 3015 798 3045 pacateque
818 3007 952 3037 traducat.
990 3006 1076 3038 Hanc
1095 3009 1175 3045 hujus
1195 3009 1249 3038 viri

187 3042 219 3071 in
236 3041 359 3077 Patriam
375 3050 511 3078 pietatem
525 3052 607 3082 atque
622 3044 807 3082 desiderium,
828 3054 857 3075 ut
879 3045 982 3076 nostris
996 3046 1170 3077 innarremus
1185 3045 1250 3076 Lit-

188 3080 270 3117 teris,
284 3080 358 3110 illius
371 3081 405 3111 &
432 3080 577 3111 honestate
593 3083 625 3112 ὃ(
640 3082 732 3112 studio
748 3084 776 3111 in
790 3093 841 3112 nos
860 3107 869 3120 ,
892 3092 974 3121 atque
989 3084 1133 3123 perspesta
1151 3083 1248 3114 obser-

188 3117 298 3155 vantia,
312 3118 396 3149 facile
411 3120 679 3151 commonebamur.
718 3120 813 3158 ltaque
831 3122 846 3150 a
866 3123 949 3152 vobis
977 3130 1151 3161 magnopere
1176 3124 1248 3161 peti-

187 3166 268 3195 mus,
284 3164 316 3187 ut
332 3156 431 3187 nostro
445 3166 561 3196 rogatu,
583 3158 672 3188 vestra
686 3158 791 3189 efficiat
805 3160 985 3197 Authoritas,
995 3163 1054 3197 quo
1069 3161 1186 3191 Senatus
1201 3171 1251 3192 ve-

188 3195 244 3226 ster
262 3195 389 3225 hominis
404 3197 496 3233 potitis
511 3196 680 3233 poenitentia
702 3198 788 3234 quarn
806 3198 892 3235 poena
910 3207 1078 3237 contentus,
1099 3207 1193 3229 tutum
1208 3200 1248 3230 illi

186 3233 365 3272 liberumque
386 3234 420 3264 ad
441 3234 564 3265 Patriam
578 3235 701 3266 reditum
717 3236 871 3266 concedat:
892 3245 975 3273 atque
996 3237 1026 3266 in
1051 3246 1113 3267 eam
1127 3237 1249 3275 gratiam

185 3279 271 3308 atque
289 3272 490 3303 conditionem
512 3282 681 3311 reponatur,
706 3273 762 3311 qua
785 3274 845 3304 ullis
865 3275 1050 3314 superioribus
1073 3276 1251 3312 temporibus

185 3309 261 3346 apud
282 3319 332 3339 vos
347 3311 402 3340 frui
425 3311 580 3342 consuevit.
607 3311 657 3342 Sin
675 3313 731 3342 hoc
749 3312 788 3342 illi
804 3312 873 3342 dum
889 3313 967 3343 reete
983 3313 1105 3343 concedi
1120 3323 1180 3343 non
1197 3324 1250 3351 po-

189 3347 258 3384 test,
272 3347 330 3377 hoc
351 3345 444 3379 famen
458 3351 643 3387 impetremus
658 3351 673 3380 a
692 3350 832 3388 vobis-,ut
851 3361 899 3388 per
920 3352 1146 3388 quinquennium
1161 3352 1249 3382 libere

191 3385 318 3415 Veneriis
334 3386 432 3417 versari
447 3397 544 3426 queat:
564 3387 597 3418 ln
621 3398 680 3426 quo
702 3398 833 3426 tempore
848 3411 857 3426 ‚
877 3390 910 3420 ὃς
929 3399 971 3418 res
989 3389 1045 3419 suas
1064 3389 1124 3420 istic
1142 3391 1250 3421 consti-

191 3432 271 3454 tuere
282 3446 291 3460 ,
306 3424 338 3455 ὃ(
353 3434 476 3455 veterem
492 3425 629 3458 offensam
640 3426 716 3457 nova
731 3427 904 3458 observantia
921 3428 1072 3464 redimere,
1097 3429 1130 3459 ὃς
1149 3428 1250 3459 vestrae

192 3461 373 3498 Reipublicae
391 3464 503 3501 gratiam
519 3466 601 3495 omni
619 3464 720 3495 officio
736 3473 820 3504 atque
838 3465 998 3496 obedientia
1016 3475 1195 3505 recuperare,
1211 3468 1251 3497 se-

191 3500 263 3530 dulo
284 3499 474 3544 elaboraturus
496 3502 546 3532 est.
583 3503 613 3534 Si
634 3504 709 3534 hanc
731 3505 849 3542 gratiam
872 3503 912 3534 illi
935 3504 1041 3534 faciatis
1058 3528 1067 3541 ‚
1087 3513 1148 3534 rem
1170 3506 1253 3537 nobis

192 3546 300 3577 gratam
310 3559 321 3576 ,
335 3538 392 3568 hoc
408 3547 492 3569 etiam
507 3542 772 3579 nomine,facietis:
791 3543 889 3580 Quam
899 3543 977 3580 'nos,
993 3542 1072 3572 simili
1093 3543 1254 3574 humanita-

194 3577 231 3606 tis
246 3577 368 3614 ratione,
388 3577 458 3607 crim
477 3581 671 3616 opportunitas
685 3579 772 3620 feret,
785 3581 904 3611 libenter
918 3580 1140 3618 compensaturae
1152 3582 1255 3614 sumus.

194 3614 292 3654 Deus,
305 3616 366 3646 &c.
386 3614 511 3646 Westm.
530 3624 576 3654 14.
592 3617 661 3648 Feb.
677 3626 761 3658 1554.

625 3770 699 3814 Regi
722 3771 839 3806 Daniae.

198 3853 359 3913 MAria,
371 3853 432 3884 &c.
451 3851 632 3890 Christiano,
642 3853 703 3883 &c.
722 3852 898 3886 Sereniffime
914 3855 948 3888 P.
964 3857 1002 3888 C.
1011 3857 1107 3889 Frater
1122 3859 1154 3891 &
1165 3859 1202 3890 A.
1218 3858 1256 3890 C.

300 3891 381 3922 Cum
401 3891 619 3921 intellexerimus
635 3901 670 3921 ex
689 3891 849 3923 Serenitatis
867 3894 966 3926 vestrae
987 3896 1112 3935 Litteris,
1129 3909 1194 3935 quas
1211 3898 1259 3928 hic

200 3927 334 3959 Nuncius
358 3931 442 3959 nobis
466 3928 556 3960 attulit
586 3952 596 3967 ,
631 3929 798 3960 desiderium
820 3930 944 3962 vestrum
964 3934 1113 3966 obtinendi
1132 3938 1148 3966 {a
1166 3937 1261 3973 nobis,

202 3976 258 4004 pro
276 3965 390 3997 Milone
407 3967 571 3998 Coverdalo
588 3967 710 3999 Subdito
725 3968 825 3998 nostro
840 3992 849 4007 ‚
868 3971 984 4001 exeundi
1002 3972 1018 4001 a
1036 3982 1128 4012 regno
1144 3974 1262 4010 nostrO,

203 4006 236 4036 &
260 4003 294 4033 ad
306 4013 365 4047 'vos
380 4004 573 4041 proficiscendi
595 4006 775 4043 facultatem,
798 4006 879 4037 facile
901 4009 1015 4045 quidem
1034 4011 1062 4040 in
1083 4011 1184 4041 vestrae
1205 4011 1256 4042 Se-

203 4044 326 4075 renitatis
345 4044 480 4081 gratiam,
498 4044 570 4074 hanc
589 4044 626 4074 illi
646 4044 806 4075 facultatem
820 4046 1017 4077 concessimus.
1025 4047 1063 4079 Et
1085 4058 1258 4086 quamquam

197 4081 262 4149 {1130
264 4079 495 4148 rinatqsxsussdilths
518 4080 614 4113 noster
636 4083 766 4113 nondum
793 4083 946 4121 explicatus
962 4084 1055 4118 fuerat
1077 4088 1094 4118 a
1115 4087 1260 4119 debiuone

1290 180 1715 224 ANGLIAE.

1290 275 1376 296 certae
1393 267 1537 304 cujusdam
1560 268 1707 306 pecuniae,
1732 275 1818 304 quam
1833 266 1931 297 nostro
1946 265 2045 297 aerario
2065 264 2171 297 solvere
2193 268 2249 304 jure
2269 278 2348 300 tenea·

1290 305 1389 342 batur,
1405 315 1499 336 tamen
1522 308 1661 344 majorem
1685 305 1772 336 vestri
1793 305 1917 336 desiderii
1939 305 2023 343 quam
2047 305 2136 334 nostri
2156 305 2243 335 debiti
2261 309 2348 338 ratio-

1288 353 1354 372 nem
1375 344 1531 374 habendam
1543 347 1600 375 elie
1612 344 1751 374 duximus.
1789 344 1888 382 Qiern
1902 346 2031 374 animum
2048 344 2081 374 ὅτ
2095 343 2270 374 voluntatem
2286 355 2349 383 gra*

1287 381 1412 411 tilicandi
1435 381 1535 412 vestrae
1548 383 1695 412 Serenitati
1710 392 1763 419 pro
1777 383 1873 413 nostra
1889 381 1986 422 mutua
2006 381 2164 418 Amicitia,
2186 382 2215 410 in
2231 383 2284 419 qua
2295 384 2347 414 alia

1286 429 1315 448 re
1330 420 1493 459 postumus,
1507 420 1576 451 cum
1594 421 1790 457 opportunitas
1804 420 1891 458 feret,
1905 421 2023 451 libenter
2041 419 2233 450 ostendemus.
2249 420 2344 459 Deus,

1286 457 1346 488 ἃς.
1367 458 1491 488 Westrn.
1514 459 1559 489 18.
1578 458 1649 489 Feb.
1670 466 1754 497 1554.

1844 500 1920 565 VMS'.
1939 495 2139 535 Consbnguinea
2157 492 2195 531 ὠ
2212 498 2303 526 Soror.

1920 544 1940 564 A
1950 544 1974 566 R
1984 545 1993 565 1
2003 544 2034 564 A.

1596 663 1689 706 Regiae
1712 658 1877 704 Majestati
1902 661 2022 693 Daniae.

1358 742 1515 781 Aria,&c.
1535 744 1715 782 Christiano,
1734 745 1795 775 &c.
1814 743 1994 775 Serenissime
2009 742 2044 773 P.
2063 743 2102 774 C.
2118 743 2148 774 F.
2163 744 2196 775 &
2219 743 2254 775 A.
2275 743 2339 775 Chi·

1374 783 1433 812 Th.
1456 782 1580 812 Banister
1594 806 1603 820 ,
1625 782 1707 812 Civis
1730 782 1917 814 Londineniis
1930 807 1940 820 ,
1961 782 2048 812 fidelis
2069 782 2163 812 noster
2185 782 2337 820 Subdims,

1277 830 1340 850 ante
1359 830 1448 850 annos
1467 821 1556 858 duos,
1573 822 1724 859 nonaginta
1741 831 1847 850 novem
1868 831 1976 858 pannos
1996 821 2105 858 laneos,
2122 831 2157 851 ex
2178 822 2237 852 hoc
2262 823 2341 860 Reg*

1276 868 1316 887 no
1336 858 1452 895 nostro,
1475 858 1630 889 Gedanutn
1653 858 1854 896 transportavit.
1891 859 1931 888 Hi
1950 858 2040 889 Panni
2056 882 2065 897 ,
2091 859 2159 889 cum
2183 870 2241 889 non
2270 860 2339 898 su0,

1277 896 1323 926 sed
1338 897 1496 927 Teutonici
1514 897 1684 927 Mercatoris
1697 899 1815 927 nomine
1829 906 2049 935 exportarentur,
2057 907 2204 935 propterea
2217 908 2252 928 ex
2266 899 2339 929 Sen-

1277 935 1366 965 tentia
1386 936 1419 965 &
1440 935 1530 972 opera
1560 935 1781 965 procuratorum
1809 935 1910 965 vestrae
1938 935 2097 965 Serenitatis
2124 937 2286 967 inciderunt
2306 939 2338 967 in

1279 973 1496 1011 Commiffiim,
1511 975 1545 1004 &
1567 974 1601 1004 ad
1624 973 1732 1003 Vestrae
1749 974 1909 1004 Serenitatis
1930 972 2010 1003 usum
2030 975 2130 1004 retenti
2149 974 2220 1004 sunt.
2247 975 2341 1013 Qiod

1277 1011 1402 1041 hominis
1422 1011 1548 1050 factum,
1568 1023 1626 1042 non
1646 1012 1738 1042 studio
1757 1013 1858 1042 fraudis
1874 1036 1883 1048 ,
1909 1011 1954 1041 sed
1975 1020 2052 1041 metu
2072 1012 2228 1042 Latrocinii
2245 1015 2281 1044 ab
2303 1023 2340 1044 eo

1276 1049 1436 1079 institutum
1453 1049 1535 1081 fuisse
1546 1051 1608 1088 ,vel
1620 1051 1689 1080 hinc
1708 1051 1788 1080 facile
1807 1058 1937 1087 apparet,
1952 1051 2016 1088 quia
2034 1051 2103 1080 curn
2120 1050 2274 1082 Gedanum
2290 1061 2337 1082 tu<

1278 1090 1307 1117 te
1324 1087 1510 1126 pervenisset,
1522 1090 1664 1127 integrum
1682 1089 1923 1125 vectigalVestrae
1932 1089 2078 1119 Serenitati
2094 1089 2338 1126 debitum,nemi-

1277 1135 1313 1155 rie
1332 1134 1461 1163 urgente,
1477 1127 1521 1156 sed
1538 1129 1585 1157 sua
1603 1128 1761 1164 sponte,ad
1779 1126 1885 1158 Vestrae
1904 1126 2062 1156 serenitatis
2081 1127 2282 1157 Procuratores
2298 1138 2341 1158 re-

1279 1163 1391 1193 miserit.
1403 1164 1477 1194 l-laec
1494 1165 1574 1201 hujus
1590 1167 1643 1195 viri
1664 1166 1749 1195 Causa
1760 1175 1947 1204 ,quamquam
1968 1165 2081 1194 Litteris
2100 1167 2186 1196 etiam
2201 1167 2340 1204 Principis

1283 1201 1472 1232 illustriffimae
1494 1205 1644 1233 memoriae
1666 1205 1699 1234 &
1716 1203 1814 1233 Fratris
1834 1203 1924 1234 nostri
1941 1203 2094 1233 chariffimi
2110 1204 2244 1234 Edwardi
2262 1205 2340 1235 Sexti

1275 1240 1425 1277 diligenter
1441 1242 1644 1272 commendata
1662 1242 1750 1272 ruera:
1768 1241 1877 1272 Vestra:
1896 1242 2039 1272 Serenitati
2062 1264 2071 1278 ,
2112 1251 2209 1273 tamen
2232 1245 2265 1274 &c
2284 1253 2339 1273 nos

1273 1279 1373 1309 itidem
1392 1279 1574 1319 summopere
1591 1281 1714 1318 petimus
1737 1280 1753 1309 a
1777 1280 1876 1311 Vestra
1892 1279 2040 1317 Majestate
2056 1288 2087 1310 ut
2104 1281 2202 1310 nostro
2218 1282 2273 1317 iam
2290 1291 2338 1312 ro-

1275 1325 1357 1355 gatu,
1375 1317 1440 1347 haec
1461 1319 1537 1348 bona
1554 1342 1563 1356 ,
1590 1328 1651 1356 quae
1670 1328 1857 1357 pervenerunt
1882 1318 1916 1348 ad
1935 1323 2074 1358 luminam
2093 1327 2133 1349 ter
2154 1320 2230 1348 mille
2249 1320 2339 1350 Daie-

1274 1356 1418 1393 lerorum,
1432 1356 1464 1386 ea
1479 1359 1587 1387 ratione
1603 1358 1636 1387 ὅ(
1657 1358 1773 1393 ordine,
1787 1359 1835 1394 qui
1854 1356 1961 1386 Vestrae
1977 1357 2126 1387 Serenitati
2139 1359 2262 1387 maxime
2276 1359 2340 1388 ido-

1276 1403 1343 1423 neus
1360 1394 1515 1432 videbitur,
1538 1397 1605 1426 huic
1630 1396 1730 1425 nostro
1753 1396 1827 1425 fideli
1844 1394 1969 1425 Subdito
1983 1394 2167 1425 restituantur.
2205 1395 2235 1424 Si
2261 1396 2342 1426 intel-

1276 1432 1551 1469 ligamus‚Vestram
1576 1434 1780 1471 Serenitatem,
1793 1435 1822 1463 in
1842 1432 1968 1463 nostram
1985 1435 2103 1471 gratiam
2115 1457 2124 1470 ,
2138 1434 2263 1470 benigne
2279 1434 2338 1465 hoc

1277 1470 1367 1500 modo
1386 1470 1528 1501 fadfflrum
1544 1473 1608 1502 huic
1625 1472 1722 1502 nostro
1742 1473 1829 1502 Fideli
1845 1472 1983 1509 Subdiro,
2005 1472 2188 1502 vehementer
2205 1473 2342 1511 gaudebi-

1279 1518 1359 1546 mus,
1373 1510 1442 1538 cum
1458 1510 1511 1539 ulla
1532 1510 1624 1539 similis
1640 1512 1832 1547 opportunitas
1844 1533 1853 1547 ,
1867 1519 1913 1540 aut
1928 1510 2104 1547 gratificandi
2121 1510 2228 1540 Vestrae
2244 1510 2339 1548 Maje-

1279 1545 1414 1584 stati,aut
1431 1548 1639 1577 commodandi
1655 1549 1759 1578 Vestris
1771 1550 1912 1585 Subditis,
1927 1549 2010 1578 nobis
2023 1548 2116 1578 oblata
2133 1549 2224 1579 fuerit.
2253 1549 2338 1580 Hanc

1279 1594 1341 1614 rem
1356 1585 1415 1614 fuse
1433 1587 1583 1623 explicabit
1603 1588 1641 1622 is,
1657 1588 1704 1623 qui
1718 1587 1765 1615 has
1785 1587 1873 1616 adfert
1894 1588 2030 1624 Litteras,
2045 1587 2092 1616 cui
2108 1595 2137 1616 ut
2154 1587 2220 1617 fides
2235 1589 2340 1619 tribua-

1279 1631 1342 1661 tur,
1355 1632 1496 1662 rogamus.
1534 1624 1634 1662 Deus,
1649 1625 1711 1656 ἃς.
1730 1623 1857 1654 Westm.
1875 1633 1903 1653 2.
1918 1624 2033 1662 Martii,
2055 1632 2141 1662 1554.

1772 1702 1805 1731 V.
1824 1702 1852 1730 S.
1872 1699 2075 1738 Confhnguinea
2093 1699 2131 1736 ὠ
2149 1704 2238 1732 Soror.

1845 1739 1881 1769 M
1894 1748 1913 1768 A
1926 1748 1948 1769 R
1959 1748 1969 1768 r
1978 1750 2009 1769 A.

1500 1868 1688 1918 Sigismundo
1706 1866 1839 1918 Angusto
1851 1895 1860 1910 ,
1880 1872 1951 1917 Regi
1971 1870 2105 1904 Polon‘ae.

1278 1956 1439 2019 MAria‚
1458 1955 1519 1986 &c.
1536 1956 1715 1994 Sigismundo
1732 1955 1886 1993 Augusto,
1900 1956 1960 1986 &c.
1993 1954 2174 1987 Illustriffirne
2188 1956 2341 1996 Princeps,

1376 1995 1469 2025 Frater
1486 1996 1519 2027 &
1539 1994 1754 2032 Consanguinee
1772 1994 1947 2031 chariisime‚
1964 1993 2138 2025 Cuthbertus
2157 1996 2258 2026 Blundt
2272 1996 2343 2027 fide*⁷

1279 2034 1311 2063 lis
1330 2033 1464 2064 Subditus
1481 2033 1596 2070 noster,
1615 2034 1644 2063 in
1670 2033 1777 2071 Regno
1799 2032 1892 2064 vestro
1916 2032 2048 2062 poloni-„e
2064 2057 2073 2071 ,
2101 2034 2177 2064 litem
2196 2035 2228 2064 ὃ(
2249 2044 2344 2072 nego-

1278 2073 1349 2101 tium
1363 2072 1449 2103 habet
1468 2081 1537 2102 cum
1553 2073 1636 2102 certis
1657 2072 1821 2109 quibusdam
1840 2071 1960 2101 Civibus
1976 2071 2200 2110 Gedanenfibus,
2216 2082 2342 2112 quorum

1279 2110 1406 2148 plerique
1428 2110 1510 2140 Scoti
1528 2111 1585 2140 nati
1603 2110 1674 2140 sunt.
1694 2109 1780 2140 Hanc
1799 2111 1879 2148 hujus
1898 2109 2009 2139 Subditi
2030 2110 2119 2140 nostri
2134 2112 2245 2141 causam
2259 2110 2344 2141 Con-

1281 2148 1381 2178 iiliariis
1401 2148 1555 2186 Majestatis
1574 2148 1683 2180 Vestrae
1702 2147 1848 2178 Polonicis
1865 2149 1924 2178 satis
1942 2149 1999 2185 jam
2018 2150 2165 2184 cognitam
2185 2149 2241 2179 eise
2258 2150 2342 2180 intel-

1280 2187 1404 2223 ligimus.
1422 2186 1460 2217 Et
1479 2196 1510 2217 ut
1530 2186 1628 2219 Vestra
1647 2187 1734 2216 etiam
1755 2186 1890 2224 Majestas
1907 2187 2027 2217 eandem
2047 2188 2153 2218 causam
2168 2189 2343 2226 cognoscat,

1281 2225 1436 2263 supplicem
1448 2227 1602 2264 quemdam
1616 2224 1817 2255 Subditinostri
1833 2225 1996 2262 Libellum,
2012 2225 2098 2254 nobis
2117 2226 2346 2263 exhibitum,his

1280 2266 1382 2295 noitris
1401 2265 1514 2294 Litteris
1531 2264 1743 2303 adjungendum
1763 2264 1819 2293 effe
1838 2265 2017 2294 curavimus:
2043 2262 2081 2293 Et
2100 2266 2168 2294 curn
2186 2265 2243 2295 hoc
2257 2266 2344 2294 eriam

1280 2311 1425 2340 tempore,
1441 2303 1478 2332 iic
1498 2304 1577 2332 certis
1595 2306 1676 2333 rebus
1695 2302 1814 2339 publicis
1831 2302 1959 2340 gerendis
1981 2324 1990 2339 ,
2028 2301 2076 2332 hic
2099 2302 2231 2333 Subditus
2249 2302 2346 2333 noster

1281 2342 1387 2378 praeiit,
1398 2351 1427 2370 ut
1441 2340 1561 2378 praesens
1578 2342 1633 2379 ipse
1649 2342 1690 2378 jus
1703 2340 1784 2370 suum
1795 2341 1843 2379 ,in
1863 2349 1919 2371 tam
1937 2340 2100 2377 longinquis
2116 2341 2346 2379 locis,c0mmo-

1281 2379 1319 2409 de
1337 2380 1408 2409 tueri
1423 2389 1482 2408 non
1501 2379 1599 2418 possit,
1612 2381 1729 2410 libenter
1744 2379 1882 2416 fecimus,
1899 2386 1929 2408 ut
1947 2378 2018 2408 illius
2043 2378 2142 2417 justam
2158 2379 2268 2410 causam
2288 2380 2344 2410 Ve-

1282 2418 1345 2447 strae
1365 2418 1511 2448 Serenitati
1532 2418 1641 2448 Litteris
1657 2417 1761 2447 nostris
1779 2416 2059 2447 commendaremus.
2098 2417 2195 2455 Itaque
2208 2419 2274 2450 licet
2289 2428 2345 2448 no-

1284 2457 1324 2486 bis
1342 2455 1568 2493 persuasissimum
1585 2457 1616 2487 sit
1634 2455 1766 2487 vestram
1784 2455 1964 2493 Majestatem
1980 2464 2033 2492 pro
2050 2457 2177 2487 bonitate
2189 2455 2246 2487 suae
2261 2465 2345 2487 natu-

1283 2505 1339 2533 rae,
1355 2495 1387 2524 &
1407 2504 1459 2531 pro
1473 2496 1602 2533 aequitate
1618 2495 1700 2533 ipsius
1717 2493 1804 2524 causae
1823 2493 1960 2531 quicquid
1974 2503 2090 2532 aequum
2107 2496 2139 2525 ὃς
2155 2496 2195 2532 jus
2212 2494 2345 2533 postulat,

1282 2533 1328 2564 sua
1351 2533 1467 2572 sponte,
1485 2533 1553 2563 huic
1572 2534 1672 2563 nostro
1692 2533 1814 2563 Subdito
1832 2533 1915 2562 facile
1934 2531 2131 2562 concessuram
2149 2556 2159 2571 ,
2184 2543 2236 2570 pro
2247 2533 2346 2563 nostro

1283 2580 1380 2603 tamen
1398 2571 1524 2601 fraterno
1544 2580 1703 2610 mutuoque
1722 2572 1794 2600 inter
1814 2580 1865 2599 nos
1882 2579 1980 2600 amore
2001 2591 2010 2607 ,
2050 2571 2130 2600 valde
2153 2570 2346 2609 confidimus,

1283 2610 1390 2640 nostras
1408 2610 1455 2640 has
1474 2619 1587 2647 quoque
1606 2610 1724 2640 Litteras
1756 2609 1883 2638 multum
1905 2608 2036 2645 ponderis
2058 2610 2087 2638 in
2111 2610 2163 2639 hac
2183 2609 2260 2639 causa
2275 2610 2347 2647 apud

1285 2648 1322 2679 V.
1342 2648 1388 2677 M.
1406 2648 1552 2678 habituras.
1588 2648 1658 2678 Nos
1677 2649 1746 2677 vero
1767 2646 1888 2677 viciffim
1910 2647 2029 2676 eandem
2052 2647 2257 2684 benignitatem
2272 2648 2348 2678 Sub-

1282 2687 1347 2716 ditis
1362 2685 1578 2723 vestris,oblata
1593 2687 1743 2717 occasione
1753 2684 1909 2723 ‚declarare
1923 2685 2044 2716 libenter
2058 2685 2240 2717 studebimus.
2256 2686 2349 2725 Deus,

1283 2725 1346 2756 &c.
1382 2723 1510 2755 Westm.
1527 2732 1557 2763 4.
1575 2724 1677 2756 Martii
1700 2732 1788 2763 1554.

1765 2803 1796 2832 V.
1814 2804 1842 2832 S.
1861 2800 2066 2840 Confinguinea
2084 2800 2122 2837 ὁ·
2140 2804 2220 2831 Soror

1814 2838 1851 2871 M
1860 2849 1881 2870 A
1891 2848 1915 2870 R
1924 2849 1936 2870 1
1948 2850 1979 2870 A.

1285 2966 1485 3008 Reverendis,
1505 2952 1735 3012 Magnificis'&
1757 2961 1971 3010 Speffabilibus
1988 2966 2068 2997 DD.
2085 2963 2202 3010 Praesidi
2212 2986 2221 3001 ‚
2251 2967 2345 2997 Sena-

1329 3021 1374 3049 tm'
1394 3019 1430 3054 ὠ·
1456 3018 1595 3060 Supremo
1620 3014 1801 3047 Cancellario
1821 3015 1925 3046 Status
1947 3011 2197 3056 Mediolanensis,
2226 3017 2345 3046 Amicis

1332 3064 1433 3108 nostris
1446 3061 1640 3106 Chariffimis.

1349 3147 1507 3185 Everendi,
1518 3142 1871 3186 Magnifici,Spe6tabiles.
1891 3143 2101 3185 Cognoscimus
2113 3155 2147 3176 ex
2162 3143 2272 3177 Litteris
2294 3158 2343 3179 vc-

1361 3187 1421 3217 stris
1442 3186 1576 3224 vigesimo
1593 3185 1771 3215 Novembris
1791 3183 1949 3214 Mediolani
1968 3185 2054 3224 datis>
2073 3184 2175 3222 quanti
2190 3186 2343 3216 observan-

1282 3227 1321 3257 tia
1343 3226 1507 3256 Dominum
1530 3224 1750 3262 Conjugemque
1776 3221 1905 3252 nostrum
1925 3223 2118 3253 chariilimurn
2142 3245 2152 3260 ,
2190 3226 2222 3253 ἅ
2239 3225 2341 3262 quanta

1283 3274 1336 3294 nos
1355 3266 1440 3294 etiarn
1463 3262 1660 3293 bedevolentia
1681 3261 1891 3300 prosequimini.
1930 3261 2005 3291 Haec
2027 3262 2114 3291 vestra
2138 3263 2164 3290 in
2190 3271 2343 3300 utrumque

1282 3302 1413 3332 nostrum
1430 3301 1517 3332 studia
1541 3323 1550 3338 ‚
1588 3301 1698 3338 utrique
1717 3300 1780 3329 sane
1800 3309 1915 3338 accepta
1932 3299 2012 3330 valde
2030 3302 2063 3331 δε
2079 3308 2203 3338 pergrata
2221 3301 2344 3331 fuerunt.

1282 3341 1377 3382 Itaque
1395 3341 1414 3370 si
1433 3340 1488 3378 qua
1504 3341 1533 3368 in
1549 3348 1594 3376 re,
1610 3348 1657 3368 aut
1674 3337 1767 3367 vestro
1787 3338 1867 3367 statui
1880 3346 2051 3368 ornamento
2071 3360 2080 3375 ‚
2119 3347 2165 3368 aut
2183 3339 2344 3378 cuicunque

1283 3382 1409 3411 vestrum
1425 3377 1588 3408 commodo
1612 3376 1668 3406 eise
1690 3375 1989 3413 poffi1nuS‚.n0strum
2008 3385 2071 3414 erga
2086 3386 2136 3405 vos
2155 3379 2261 3414 {emper
2299 3388 2345 3406 ro-

1283 3418 1400 3456 pensum
1418 3415 1649 3453 benevolumque
1666 3415 1798 3444 animum
1815 3414 1942 3445 sentietis.
1960 3414 2037 3444 Bene
2057 3415 2154 3446 valete.
2177 3423 2220 3453 ις.
2245 3415 2269 3445 b
2284 3415 2347 3447 attii

1289 3464 1373 3495 1554-

1530 3582 1659 3614 Domino
1676 3579 1795 3623 Casino,
1819 3580 1901 3612 Dnci
1921 3579 2085 3613 Florentiae.

1289 3666 1501 3726 ILlusti·iffirne
1518 3666 1671 3701 Princeps,
1693 3662 1907 3701 Consanguinee
1925 3665 1958 3696 &
1978 3663 2082 3696 Amice
2099 3664 2264 3695 charissime.
2280 3665 2342 3697 An-

1334 3707 1446 3736 tlioiiius
1466 3704 1595 3740 Guidot,
1616 3701 1666 3731 Vir
1694 3710 1728 3731 ex
1746 3701 1872 3739 Equestri
1894 3703 2022 3740 Ordine,
2043 3704 2090 3740 qui
2110 3703 2171 3732 istic
2192 3703 2342 3734 Florentiae*

1289 3753 1367 3774 nunc
1387 3743 1509 3780 vivit,in
1526 3739 1632 3776 Anglii
1651 3739 1759 3776 reliquit
1776 3749 1908 3778 uxorem,
1924 3742 1956 3773 &c
1972 3750 2025 3771 tres
2039 3741 2151 3771 liberos.
2170 3740 2263 3779 Hujus
2282 3742 2344 3772 Faea

1292 3784 1379 3812 mina:
1392 3779 1588 3817 solitudine,&
1607 3779 1710 3807 horum
1726 3777 1895 3808 Liberorum
1907 3780 2022 3809 innoxia
2037 3780 2158 3808 multum
2175 3788 2346 3811 commove-

1292 3829 1363 3851 mur.
1404 3819 1481 3848 Nam
1501 3825 1687 3854 praeterquam
1703 3816 1780 3853 quod
1795 3817 1875 3856 haec,
1892 3818 1989 3848 solatio
2003 3817 2041 3847 sui
2060 3816 2175 3853 Mariti,
2196 3818 2226 3847 hi
2238 3828 2292 3855 ope
2307 3820 2341 3849 ὃς

1292 3858 1395 3888 auxilio
1414 3857 1555 3892 Parentis,
1573 3863 1678 3892 magno
1696 3864 1765 3884 cum
1784 3864 1910 3885 rnoerore
1929 3863 2042 3886 careant
2061 3878 2071 3891 ,
2111 3856 2190 3885 victu
2208 3857 2292 3885 ctiam
2307 3856 2342 3885 ad

1292 3896 1488 3934 quotidianum
1504 3894 1569 3923 vitae
1587 3893 1666 3922 usum
1687 3893 1908 3931 pernecessario,
1925 3895 1957 3924 δε
1976 3894 2025 3922 illis
2041 3902 2076 3922 ex
2089 3894 2220 3930 pactione
2234 3893 2345 3932 debitis,

1294 3937 1365 3963 duos
1376 3934 1435 3971 jam
1453 3932 1513 3961 fere
1530 3939 1620 3961 annos
1634 3929 1756 3962 destituti
1779 3931 1849 3962 sunt.
1888 3932 1984 3970 ltaque
2000 3940 2068 3960 curn
2093 3931 2255 3961 Anthonius
2271 3930 2347 3961 Gui-

1294 3974 1345 4002 dot
1361 3970 1539 4010 proficiscens
1558 3977 1592 3998 ex
1608 3968 1708 4007 Anglia
1724 3969 1873 4008 odroginta
1889 3969 1987 3999 Libras
2002 3969 2130 3999 Sterlinas
2150 3970 2297 4005 quotannis
2311 3969 2347 4000 ad

1294 4011 1381 4040 vitam
1402 4008 1510 4038 Uxoris
1526 4007 1559 4037 &
1585 4007 1756 4037 Liberorum
1778 4007 2090 4043 {ostentandam,ini‘tar
2106 4007 2224 4036 amantis
2247 4006 2349 4038 Mariti

1293 4049 1387 4086 piique
1403 4046 1527 4076 Parentis
1541 4067 1550 4082 ‚
1570 4045 1600 4075 in
1616 4045 1750 4083 Angliam
1774 4046 1888 4075 mittere
1906 4044 2091 4083 paciscebatur
2107 4065 2116 4079 ‚
2132 4053 2254 4081 cumque
2268 4054 2302 4075 ex
2318 4048 2353 4078 ea

1290 4084 1412 4125 pecunia
1435 4093 1483 4123 per
1502 4084 1553 4115 hos
1566 4083 1730 4122 quindecim
1745 4087 1852 4151 menieBs
1863 4106 1871 4120 ‚
1889 4084 1920 4114 ὅ(
1940 4084 1998 4120 plus
2014 4092 2068 4120 eo,
2082 4082 2152 4112 nihil
2175 4083 2346 4152 persolutpm

2303 4131 2342 4160 it,

2331 195 2360 234 9
2404 202 2408 206 .
