2561 4263
186 211 217 285 'CI'V

324 207 352 283 'U‘V

187 3315 266 3376 'i419
293 3347 308 3375 7
324 3341 427 3375 Hm.5.

460 113 2035 164 ACTORUMMANUSCRIPTORUM,&0;
2193 174 2196 175 ⁷
2282 128 2336 174 572

436 280 477 307 De
496 280 569 309 Navi
586 282 707 320 Portagii
729 282 926 321 quinquaginta
949 280 1097 309 Doliorum
1123 291 1189 309 arre-

436 318 589 385 Destasg-bis
611 359 683 396 Regi
698 358 871 395 derogatoriis
888 358 1042 385 Attessatio.
1138 328 1189 394 {gi

436 395 477 421 De
495 396 619 423 Monstro
633 397 839 433 supervidendo.
1136 405 1187 432 233
1229 395 1249 403 ‘²

434 432 485 459 Pro
506 435 698 461 Mercatoribus
716 435 748 461 de
766 436 854 465 Luca,
874 433 906 461 de
922 434 1082 461 conductu.
1137 443 1191 469 234
1229 430 1273 471 {a

437 471 476 497 De
500 472 629 498 Monstris
643 473 792 508 capiendis.
1137 481 1190 507 235
1228 476 1261 498 im,-

435 510 475 535 De
490 508 599 535 effendo
614 519 705 536 coram
725 511 801 548 Rege
817 513 844 539 δε
861 509 990 538 Concilio
1002 510 1034 537 ad
1053 508 1189 538 informa-

471 546 575 574 tionem
601 547 766 579 faciendam,
787 550 818 576 de
843 549 948 576 Debitis
969 557 1013 584 pei·
1030 550 1189 575 Mercatores

470 586 589 622 Aragori.
610 585 624 613 εἰ
638 593 709 613 retro
725 586 910 614 existentibus.
1137 588 1190 621 236

433 622 531 650 Petitio
549 626 636 651 Annae
649 625 749 651 Uxoris
768 624 883 651 Domini
899 625 931 651 de
946 623 1072 654 Clifforr,
1086 624 1118 651 de
1135 625 1189 651 De-

470 660 532 688 bitis
549 661 577 689 in
594 663 710 690 Servitio
729 663 813 699 Regis
828 662 974 690 contractis
997 662 1190 699 acquietandis.

827 722 829 724 ·
1136 710 1187 736 237

436 736 590 771 Ejusmodi.
1136 739 1188 774 233

437 777 522 813 Super
539 778 718 815 Reparatione
735 779 970 815 Attemptatorum
985 782 1079 803 contra
1102 777 1188 804 Treu-

472 824 519 851 gas
536 816 688 844 Britanniae.
1136 824 1190 851 239

436 852 478 879 De
497 854 624 881 Monstris
640 854 783 890 capiendis.
1137 862 1190 887 240

437 891 621 932 DenLicentia
635 892 750 930 eligendi
767 891 899 921 abbatem
914 891 946 919 de
968 889 1119 919 Middelton
1143 901 1190 928 pe-

472 935 530 957 tita.
1138 938 1151 955 2
1180 939 1188 956 ι

436 968 521 1004 Super
538 966 680 996 Electione
696 969 804 997 Abbatis
819 969 851 997 de
867 965 1004 1005 Croyland
1016 987 1024 999 ,
1039 967 1071 995 de
1082 938 1191 995 Affen4su

475 1006 559 1043 Regis
574 1007 675 1044 petito.
1139 1014 1191 1040 242

436 1044 521 1079 Super
537 1045 713 1081 Attemptatis
729 1051 823 1072 contra
838 1045 959 1081 Treugas
982 1043 1140 1074 Britanniae,
1161 1044 1193 1071 de

469 1081 642 1117 inquirendo.
1140 1092 1190 1117 243

437 1117 480 1144 De
498 1120 624 1147 Monstro
639 1120 847 1158 supervidendo.
1139 1130 1194 1156 244

437 1156 604 1185 Vicecomiti
616 1158 810 1191 d'Oxenford‚
827 1161 859 1187 de
875 1157 1052 1186 intendendo.
1140 1168 1194 1193 245

438 1195 480 1222 De
502 1195 718 1224 Proclamatione
741 1196 861 1224 facienda
877 1207 925 1235 pro
945 1196 1110 1225 Defenfione
1125 1205 1193 1223 con-

473 1238 512 1261 tra
534 1236 673 1263 Armatam
689 1236 720 1262 de
736 1235 849 1272 Ispania.
1141 1236 1193 1269 246

439 1272 584 1300 ludentum
616 1274 781 1301 Retinentiae
802 1274 930 1312 Hugonis
955 1274 1112 1309 Courtenay
1136 1273 1195 1300 Filii

476 1311 597 1338 Comitis
612 1313 722 1340 Devon.
1141 1320 1192 1346 247

440 1349 491 1375 Pro
505 1350 602 1377 eodem
621 1350 771 1387 Capitaneo
788 1349 900 1387 Navigii
916 1349 1077 1377 constituto.
1142 1349 1194 1384 243

440 1387 482 1414 De
506 1386 576 1415 Villa
602 1389 634 1416 de
657 1389 762 1426 Dieppe
780 1389 808 1416 in
828 1390 927 1416 Manus
952 1389 1037 1424 Regis
1057 1388 1196 1424 capienda.

1142 1435 1196 1459 249

438 1465 480 1491 De
496 1464 601 1493 Officio
616 1465 800 1493 procuratoris
814 1464 897 1502 Regis
916 1463 1198 1500 Rothomagen.con-

441 1504 647 1568 DgesIEZiestate
667 1542 699 1570 ad
723 1540 905 1568 sufficientem
931 1539 1081 1567 Stuffuram
1100 1511 1200 1568 Soli-{gii

477 1578 506 1606 in
525 1580 655 1606 omnibus
682 1580 799 1610 Castris,
820 1579 897 1605 Villis
914 1577 1026 1606 firmatis
1042 1582 1068 1607 ὅ(
1087 1578 1199 1605 Fortali-

476 1616 520 1644 tiis
536 1618 563 1644 in
586 1619 682 1644 Manus
697 1618 781 1655 Regis
798 1617 906 1645 redditis
925 1619 952 1645 &
969 1616 1110 1644 1·ed.⁴.endis
1126 1617 1199 1644 ordi-

475 1656 592 1683 nandam
609 1658 635 1684 ὅ(
653 1657 819 1692 ponendam.
1147 1664 1197 1688 251

440 1694 483 1721 De
501 1694 710 1722 Retrahentibus
728 1693 753 1722 se
769 1695 801 1721 ab
818 1693 963 1721 Excercitu
979 1692 1078 1730 absque
1096 1691 1201 1730 speciali

480 1732 601 1759 Licentia
615 1741 661 1769 per
679 1731 757 1760 Colla
771 1731 817 1759 sua
831 1731 1031 1768 suspendendis.
1149 1740 1201 1765 252

443 1771 484 1797 De
509 1770 660 1799 Conduetu
685 1780 734 1808 pro
761 1771 887 1797 Domino
914 1770 945 1796 de
971 1772 1054 1797 Antre
1081 1770 1109 1797 δε
1136 1768 1202 1796 aliis.

1151 1816 1201 1843 253

444 1849 485 1875 De
499 1846 716 1875 proclamatione
734 1846 854 1874 facienda
870 1844 945 1883 quod
962 1854 1057 1873 omncs
1082 1844 1183 1873 Milites
1196 1866 1202 1877 ‚

484 1887 538 1914 &c.
556 1885 607 1913 {int
620 1885 691 1920 apud
708 1886 818 1912 Rouan.
1150 1893 1205 1919 25¹4¹

446 1924 488 1950 De
512 1921 738 1950 ordinationibus
764 1921 842 1950 factis
868 1920 946 1960 super
961 1921 1110 1959 Regimine
1129 1923 1206 1950 Nor·

482 1970 558 1989 man.
1151 1969 1205 1996 255

446 2000 489 2027 De
506 2001 613 2028 Ducem
631 1999 778 2028 Britanniae
793 1998 821 2027 in
837 1998 1008 2036 praesentiam
1030 1998 1117 2037 Regis
1138 2007 1204 2026 con·

481 2038 614 2066 ducendo.
1114 2050 1115 2054 =
1152 2038 1207 2072 256

445 2077 490 2105 De
509 2074 724 2105 Proclamatione
742 2077 915 2114 Treugarum
934 2075 1089 2105 Britanniae.
1153 2084 1204 2111 257

446 2116 488 2142 De
505 2115 621 2153 Treugis
638 2124 705 2144 cum
720 2115 846 2143 Domino
862 2115 894 2142 de
914 2113 1063 2142 Montlion.
1114 2134 1116 2138 »
1154 2114 1206 2149 258

446 2154 488 2181 De
505 2155 652 2182 Condudtu
668 2163 718 2190 pro
736 2154 815 2181 Duce
830 2152 984 2181 Britanniae.
1155 2161 1208 2187 259

447 2193 490 2219 De
504 2192 630 2220 Domino
645 2193 678 2220 de
690 2194 825 2229 Barynger
841 2193 869 2219 &
885 2190 953 2218 Filio
970 2190 1087 2219 Domini
1104 2190 1136 2218 de
1146 2191 1208 2219 Bra-

482 2231 600 2258 camond
619 2231 646 2258 in
663 2230 832 2268 praesentiam
847 2229 976 2268 Episcopi
992 2228 1207 2257 Dunolm.Can-

482 2268 580 2297 cellarii
595 2269 711 2297 ducend.
949 2279 951 2282 ¹
1154 2269 1207 2294 260

449 2307 503 2334 Pto
517 2307 630 2335 Thoma
645 2307 758 2335 Comite
777 2309 890 2339 Sarum,
908 2306 941 2334 de
959 2306 1138 2334 Potestatibus
1160 2305 1208 2333 fibi

484 2346 649 2374 commissis.
1153 2346 1204 2371 261

449 2384 492 2411 De
508 2385 692 2412 innovatione
707 2384 858 2412 Liternum
875 2383 907 2412 de
922 2383 1071 2412 Condue'tu
1086 2393 1136 2421 pro
1147 2384 1207 2410 Du—

483 2431 514 2450 ce
532 2422 685 2451 Britanniae.
1154 2423 1206 2448 262

450 2461 492 2488 De
509 2461 643 2488 potestate
661 2461 693 2488 ad
711 2461 850 2498 Homagia
866 2460 1026 2498 recipienda.
1157 2461 1207 2495 263

450 2500 533 2536 Super
550 2499 696 2536 Homagiis
712 2499 859 2535 praedictis.
1158 2500 1211 2533 264

450 2537 502 2565 Pro
531 2537 725 2566 Mercatoribus
750 2538 783 2565 de
810 2537 928 2565 Venecia
946 2557 954 2568 ‚
993 2537 1026 2565 de
1052 2536 1212 2564 conductu.

1158 2576 1211 2608 265

449 2616 492 2643 De
508 2615 658 2644 eonducta
675 2624 725 2653 pro
745 2614 892 2651 jeronimo
908 2613 940 2641 de
955 2612 1055 2650 Gryllis
1080 2611 1213 2640 Prisonar.

1157 2652 1210 2678 266

451 2691 610 2728 Ejusmodi,
631 2701 680 2729 pro
698 2694 795 2729 Opeco
813 2688 962 2727 Lomelyn.
1159 2691 1210 2723 267

452 2732 494 2758 De
513 2730 643 2758 Monstris
660 2730 806 2768 capiendiS.
1158 2728 1211 2754 26ss

451 2770 598 2797 Indentura
614 2768 643 2796 su
665 2778 692 2796 er
706 2765 928 2805 Obligationibus
949 2766 1137 2793 Mercatorum
1162 2766 1211 2792 Vi-

486 2805 586 2834 tellario
603 2807 642 2834 Ca
652 2806 698 2833 efii
714 2805 874 2835 deliberatis.
1159 2807 1212 2838 269

452 2845 529 2872 Circa
545 2845 716 2872 Munitiones
732 2855 781 2882 pro
800 2842 870 2871 Villa
885 2840 992 2870 Calefii.
1160 2851 1213 2877 270

453 2881 554 2910 Cedula
568 2882 791 2918 Obligationum.
1160 2889 1191 2916 27
1201 2889 1210 2907 1

452 3027 593 3074 Capitula
620 3029 822 3062 Acronum
847 3030 922 3063 Dat.
954 3030 1104 3075 Regnante
1127 3029 1214 3061 Hen-

743 3081 804 3109 rico
828 3078 956 3109 Oninto.

739 3171 818 3207 Vol.
844 3174 913 3208 ΙΙΙ.

710 3260 766 3287 An.
785 3267 812 3294 7.
833 3259 904 3286 Hen.
923 3266 952 3294 5.

455 3337 533 3394 DE
556 3335 708 3365 eonducta
730 3335 809 3373 super
831 3333 1020 3363 deliberatione
1041 3334 1137 3373 Jacobi
1154 3334 1214 3363 Filii

546 3374 666 3403 Comitis
689 3374 722 3401 de
746 3372 867 3412 Douglas
883 3376 911 3403 &
926 3383 975 3412 pro
993 3373 1135 3401 Solutione
1159 3375 1214 3401 Re-

492 3413 659 3451 demptionis
674 3411 808 3447 ejusdem.
1087 3412 1177 3439 Num.
1201 3421 1211 3439 ι

457 3450 499 3478 De
514 3453 602 3481 Fratre
618 3450 731 3479 Thema
747 3448 869 3478 Randolf
882 3452 911 3478 δε
927 3449 1072 3477 comitiva
1084 3449 1130 3477 sua
1144 3459 1213 3477 arre-

494 3490 590 3518 standis
608 3492 635 3519 &2
652 3489 680 3517 in
699 3489 855 3517 Normann.
873 3488 1011 3517 ducendis.
1199 3497 1213 3514 2

459 3526 511 3554 Pro
529 3528 642 3556 Comite
657 3527 782 3554 Marchiae
796 3527 945 3564 Capitaneo
961 3525 1038 3554 villae
1063 3525 1094 3554 de
1121 3526 1215 3553 Mante

494 3565 656 3593 constituto.
1199 3574 1212 3601 3

458 3603 502 3630 De
519 3603 728 3640 Archiepiscopo
742 3602 873 3632 Cassalen.
889 3602 1050 3631 attestando.
1195 3613 1215 3638 4

458 3641 500 3668 De
516 3640 598 3668 Clcro
613 3642 742 3670 Cantuar.
755 3641 906 3671 Provinciae
919 3642 1111 3669 convocando.

459 3680 501 3706 De
524 3679 672 3707 eonducta
692 3688 743 3716 pro
767 3680 879 3708 Hillario
906 3679 1040 3717 imperiali
1065 3679 1097 3707 de
1128 3677 1215 3716 Janua

494 3717 656 3745 Prisonario.
1197 3720 1213 3745 6

458 3755 500 3782 De
516 3754 644 3783 Concilio
660 3754 777 3784 tenendo
797 3756 867 3786 circa
892 3756 1013 3795 Negotia
1035 3755 1157 3784 Ducatfis
1181 3755 1214 3783 de

493 3793 647 3830 Guyenne,
665 3793 697 3820 ad
718 3794 960 3832 Archiepiscopum
977 3796 1010 3822 de
1029 3795 1178 3822 Burdeaux.
1197 3802 1211 3828 7

458 3829 599 3866 Ejusmodi
612 3851 619 3862 ,
638 3831 669 3858 ad
687 3831 820 3860 Seculates
832 3833 864 3860 de
879 3835 1024 3870 Guyennc.
1196 3832 1212 3858 8

458 3871 500 3897 De
514 3869 622 3896 duobus
639 3871 666 3897 δί
683 3877 802 3906 quatuor
816 3869 938 3898 Petronis
949 3873 982 3900 ad
1004 3871 1112 3899 dietum
1136 3870 1212 3896 Con-

493 3906 587 3935 cilium
605 3907 755 3935 mittendis.
1194 3917 1211 3942 9

458 3945 546 3973 Litera
571 3945 655 3983 Regis
672 3945 703 3972 ad
724 3944 882 3973 Concilium
897 3948 968 3984 apud
982 3949 1120 3976 Burdeaux
1136 3944 1214 3982 super

495 3983 635 4012 Discordia
660 3984 730 4010 inter
760 3985 915 4012 Dominum
939 3985 973 4014 de
993 3985 1162 4015 Montfcxaut
1185 3985 1213 4012 δι

509 4022 736 4052 Tom.1x.1².3m.

1250 568 1273 612 ‘3552
1251 447 1273 512 ..KP

1229 558 1249 598 it«,
1228 496 1249 539 'Q

1237 1530 1259 1651 Qtffiffl

1611 281 1765 310 Dominum
1781 282 1813 311 de
1829 281 1944 309 Lescun:
2294 287 2326 306 ιο

1552 355 1554 357 ‚
1579 319 1619 345 De
1636 320 1849 347 Proclamatione
1863 318 1985 347 facienda
1999 316 2073 355 quod
2089 324 2186 343 omnes
2206 317 2252 352 qui
2276 327 2325 344 vo-

1611 355 1709 384 luerint
1723 359 1813 385 venire
1827 359 1858 385 ad
1877 357 2068 385 obedientiam
2085 355 2167 391 Regis
2178 374 2184 383 .
2205 355 2236 382 ad
2258 357 2327 382 Tere

1613 403 1666 426 ras,
1687 396 1929 427 Haeredstamema,
1948 398 2002 423 &c.
2020 392 2202 420 restituantur.
2296 402 2323 419 ιι

1577 433 1618 459 De
1640 433 1751 461 Comite
1775 433 1902 461 Marchiae
1926 435 2143 460 Locumtenente
2166 433 2191 457 δε
2207 430 2326 457 Custode

1613 471 1736 498 Generali
1761 471 1918 499 Ballivarum
1946 471 1978 498 de
2002 470 2128 497 Cadomo
2155 468 2326 495 Constantio.

1612 510 1664 536 &c.
1678 509 1841 537 constituto.
2295 514 2325 533 ¹2

1578 544 1734 580 Ejusmodi,
1755 557 1805 584 pro
1821 547 1933 574 Comite
1949 548 2042 574 Sarum
2063 543 2237 580 conjunctim
2261 552 2327 571 cum

1613 585 1726 611 Comite
1743 585 1878 612 Marchiae.
2298 590 2328 617 ¹3

1578 622 1619 648 Ad
1637 623 1772 650 Dominus
1791 621 1944 660 spirituales
1966 624 1993 650 et
2011 619 2143 650 Seculares
2162 621 2282 648 Ducatus
2297 619 2329 646 de

1613 661 1765 697 Guyeme,
1784 662 1817 688 dc
1834 660 1986 688 Credentia.
2296 667 2330 693 ¹4

1580 698 1619 724 De
1639 699 1760 726 Navibus
1781 699 1934 727 arrestaudis
1957 707 2005 735 pro
2030 696 2214 724 Traduecion:
2234 697 2330 734 Equo·-

1612 744 1673 763 rum
1691 737 1718 764 in
1736 738 1871 764 Norman.
2298 744 2329 769 ¹5

1578 773 1739 808 Ejusmodi,
1760 785 1810 811 pro
1830 775 2041 813 Eskippamento
2059 773 2199 801 Frumenti
2214 774 2242 800 in
2266 774 2328 800 Par·

1614 819 1652 839 tes
1672 813 1829 841 Normann.
2298 813 2330 838 16

1577 848 1617 876 De
1634 849 1770 878 Fortalitio
1787 852 1818 879 de
1837 849 1951 879 Monluc
1967 851 1994 877 in
2009 851 2106 878 Manus
2117 850 2202 887 Regis
2211 850 2333 888 capiend.

1615 890 1641 916 ὅ(
1660 889 1837 925 Capitaneum
1852 889 1879 916 in
1895 890 1993 916 codem
2009 889 2167 917 ordinando.
2301 897 2332 923 ¹7

1580 926 1621 953 De
1638 928 1726 964 Fuage
1741 937 1787 965 pcr
1804 925 1956 964 Spirituales
1971 927 2185 966 &Temporales
2202 926 2234 954 de
2249 927 2332 963 Guy-

1611 974 1660 991 ene
1677 965 1747 1002 Regi
1764 965 1933 994 concedend.
2297 964 2328 991 18

1581 1003 1669 1030 Litera
1696 1004 1780 1041 Regis
1801 1004 1832 1031 ad
1856 1002 2000 1031 Comitem
2024 1002 2057 1031 de
2085 1001 2279 1040 Longuevisse,
2299 1002 2334 1030 de

1615 1042 1717 1069 eadem.
2302 1050 2335 1075 ¹9

1579 1079 1619 1106 De
1642 1079 1747 1108 Officio
1763 1078 2014 1108 Scribaniae‘Curiae
2030 1078 2225 1116 Superioritatis
2241 1079 2331 1106 Duca-

1616 1117 1657 1144 [ὓς
1676 1118 1827 1155 Aquitania:
1843 1119 1981 1147 concesso,
2297 1127 2333 1144 20

1580 1155 1632 1182 Pro
1651 1156 1763 1183 Comite
1782 1156 1904 1188 Suffolk,
1924 1157 1956 1183 de
1971 1155 2160 1184 Conceffione.
2300 1164 2331 1182 21

1580 1193 1675 1220 Oblata
1690 1203 1736 1231 per
1753 1195 1954 1222 Ambaxiatores
1969 1195 2087 1221 Franciae
2103 1201 2248 1229 antequam
2273 1194 2334 1220 Rex

1616 1231 1798 1260 consentiebat
1827 1233 1974 1261 convenire
2005 1241 2071 1259 cum
2103 1232 2260 1259 Adversario
2284 1231 2334 1258 suo

1618 1270 1746 1299 Franciae.
2303 1279 2335 1296 22

1583 1308 1750 1344 Approbatio
1770 1309 1854 1336 Ducis
1872 1308 2011 1336 Clarentiae
2025 1308 2102 1345 super
2118 1308 2184 1335 Pace
2202 1306 2271 1335 finali
2294 1307 2337 1334 in-

1618 1354 1657 1373 ter
1675 1346 1800 1384 Angliam
1817 1350 1844 1375 &
1863 1348 2012 1375 Franciam.
2304 1355 2338 1381 ²3

1584 1384 1678 1412 Litcrae
1698 1386 1730 1412 de
1742 1384 1834 1412 Caufis
1853 1385 1884 1413 ad
1906 1384 2009 1412 Bellum
2029 1385 2135 1421 Regem
2154 1383 2341 1415 moventibus,

1620 1423 1652 1449 de
1669 1424 1862 1451 Conventione
1879 1422 2007 1460 personali
2022 1422 2202 1459 appunfikuata
2217 1421 2261 1448 sed
2283 1431 2341 1449 non

1619 1461 1733 1497 praestita
1748 1482 1756 1493 .
1790 1461 1822 1489 de
1844 1461 1916 1489 finali
1940 1460 2118 1490 Resolutione
2144 1460 2230 1496 Regis
2245 1479 2254 1492 ,
2285 1462 2339 1488 &C.

1587 1535 1749 1573 Praescriprae
1775 1538 1873 1566 Literae
1897 1537 2038 1565 affirmatae
2052 1546 2098 1574 per
2114 1538 2204 1564 Duces
2221 1508 2344 1566 claretis

1623 1576 1649 1602 &
1669 1574 1820 1603 Gloucestr.
2308 1583 2345 1609 ²5

1589 1613 1629 1639 De
1643 1613 1782 1639 tractando
1797 1614 1829 1640 de
1846 1612 2025 1639 Matrimonia
2041 1615 2067 1641 ὅ(
2085 1612 2116 1640 de
2132 1614 2210 1640 Pace.
2310 1612 2345 1639 26

1588 1651 1630 1678 De
1656 1651 1862 1692 lffraelentatione
1884 1650 1916 1677 ad
1940 1650 2084 1678 Ecclesiam
2104 1650 2246 1679 Ebroicen.
2263 1650 2346 1677 Dioe-

1591 1690 1820 1769 Deceli'rr'aiatione
1836 1725 1956 1754 facienda
1970 1732 2064 1754 contra
2089 1726 2231 1754 Armatam
2254 1726 2288 1753 de
2311 1696 2351 1754 iiz-

1588 1774 1833 1831 Prgailjriililiierfitate
1849 1802 2005 1840 Cantebrig.
2024 1801 2102 1840 super
2118 1800 2266 1840 Privilegiis
2282 1764 2350 1830 coi-‘18-

1591 1841 1910 1907 Foiiisisaisi'rotestationis
1925 1888 1971 1917 per
1988 1877 2196 1907 Ambaffiatores
2213 1879 2297 1917 Regis
2312 1850 2351 1908 2ἰὲ

1627 1917 1758 1944 Τηᾶπιι
1778 1917 1851 1944 Pacis
1866 1925 1960 1954 captae.
2313 1925 2349 1953 30

1593 1954 1756 1985 Notificatio
1787 1954 1976 1984 Diss‘olutionis
2005 1955 2206 1984 Conveutionis
2226 1956 2351 1994 Regum.

1593 2034 1635 2062 De
1658 2032 1868 2062 convocatione
1891 2031 1962 2061 Cleri
1985 2033 2113 2060 cantuar.
2140 2031 2290 2060 Provinciae
2309 2002 2350 2059 ἔα.-

1629 2073 1722 2100 cienda
1737 2082 1784 2109 pro
1802 2071 1925 2100 Subsidio
1941 2071 2012 2108 Regi
2027 2071 2211 2099 concedendo·
2315 2079 2353 2106 32

1593 2112 1635 2138 De
1652 2110 1731 2138 Clero
1750 2110 1871 2138 Eborum
1887 2109 2036 2138 Provinciae
2051 2109 2240 2138 convocando.
2317 2118 2352 2145 33

1593 2150 1636 2176 De
1654 2149 1827 2176 Retinentiis.
2316 2156 2353 2184 34

1596 2188 1638 2215 De
1664 2186 1790 2219 Exilitate
1818 2187 2024 2215 Revemionum
2050 2185 2135 2215 Castri
2154 2186 2186 2215 de
2211 2185 2352 2224 Burdogal.

1595 2266 1638 2293 De
1653 2264 1803 2294 conductu
1818 2273 1866 2302 pro
1883 2263 2035 2293 Prisonario
2051 2263 2135 2291 Ducis
2152 2262 2280 2291 Bedford.
2318 2233 2354 2299 {Z

1596 2304 1638 2331 De
1660 2302 1831 2331 Mercandifis
1849 2312 1864 2330 a
1877 2302 2056 2340 januensibus
2079 2301 2156 2339 supra
2174 2302 2247 2328 Mare
2269 2302 2354 2338 captis

1631 2342 1662 2370 ad
1678 2351 1749 2379 opus
1766 2341 1850 2378 Regis
1866 2340 2042 2369 reservandis.
2193 2374 2201 2379 ἶ
2320 2349 2354 2376 37

1598 2381 1639 2408 De
1663 2378 1896 2411 Proceffionibus,
1919 2381 1973 2408 διε.
1992 2388 2042 2416 pro
2066 2377 2242 2415 Prosperitate
2267 2378 2354 2415 Regis

1633 2417 1770 2447 faciendis.
2320 2416 2356 2452 38

1598 2457 1692 2484 Literae
1711 2456 2006 2485 Recommendatoriae.
2320 2464 2356 2491 3⁹

1595 2496 1647 2523 Pro
1671 2495 1849 2532 Burgensibus
1874 2497 1906 2523 de
1931 2497 2041 2523 Rouen.
2071 2495 2103 2522 de
2130 2493 2356 2522 concessionibus

1631 2533 1732 2561 intuitu
1749 2533 1984 2561 fortificationum
2001 2536 2028 2562 &
2045 2534 2272 2570 Reparationum.
2315 2541 2353 2568 40

1596 2572 1637 2598 De
1656 2571 1784 2598 Monstris
1799 2572 1945 2608 capiendis.
2316 2579 2352 2606 41

1595 2610 1649 2636 Pro
1662 2609 1787 2646 johanne
1798 2609 1831 2637 de
1849 2610 1922 2646 Gray
1932 2630 1939 2641 ,
1959 2610 1991 2637 de
2007 2608 2199 2636 Conceffione.
2317 2617 2354 2645 42

1597 2649 1639 2674 De
1659 2647 1768 2675 Auxilio
1784 2654 1878 2674 contra
1895 2651 1991 2675 Scotos
2008 2647 2172 2674 inducendo.
2316 2656 2352 2683 43

1598 2687 1651 2713 Pro
1665 2686 1790 2723 Juhznne
1805 2685 1837 2712 de
1855 2687 1930 2721 Gray
1950 2685 2074 2713 Domino
2091 2687 2123 2713 dc
2146 2683 2355 2722 Tanquerville,

1633 2723 1665 2751 de
1682 2733 1738 2751 non
1756 2722 1934 2752 molestando.
2318 2733 2357 2758 44

1597 2764 1681 2800 Super
1702 2762 1882 2799 Reparatione
1898 2763 1984 2790 Navis
1998 2761 2070 2800 apud
2084 2762 2186 2799 Bayon.
2319 2769 2358 2796 45

1597 2802 1640 2828 De
1658 2801 1784 2828 Monstro
1798 2799 2005 2838 supervidendO.
2318 2800 2357 2835 46

1600 2839 1642 2866 Dc
1660 2838 1837 2875 lmpotitione
1853 2837 1917 2865 Salis
1930 2859 1936 2870 ‚
1958 2841 2012 2867 διε.
2317 2846 2354 2873 47

1600 2878 1642 2904 De
1662 2876 1842 2913 impolitione
1859 2876 2008 2904 Forinseca.
2315 2875 2354 2910 48

1599 2917 1682 2952 Super
1699 2914 1885 2942 deliberatione
1901 2914 1995 2950 Jacobi
2013 2913 2072 2943 Filii
2090 2915 2209 2942 Comitis
2225 2914 2256 2942 de
2274 2914 2356 2941 Dou-

1633 2952 1703 2990 glas.
1725 2953 1757 2980 de
1771 2952 1932 2980 Conduetu.
2315 2961 2355 2987 4⁹

1601 2991 1652 3019 Pro
1675 2989 1799 3019 Hertank
1824 2998 1874 3018 van
1896 2989 1967 3018 Clux
1993 2993 2022 3020 δε
2045 2990 2100 3019 aliis
2118 3012 2126 3023 ‚
2151 2991 2184 3018 de
2208 2991 2360 3028 Requestu.

2342 3038 2359 3055 o

1598 3069 1640 3096 De
1655 3069 1746 3096 Terris
1761 3068 1788 3095 in
1807 3067 1980 3096 Normannia
1995 3076 2039 3104 per
2057 3066 2238 3104 Dilpliinum.
2319 3037 2354 3101 ξι

1597 3108 1638 3134 De
1652 3107 1757 3134 Officio
1773 3105 1966 3134 Constabularii
1982 3105 2119 3143 Burdegal.
2136 3104 2270 3142 johannis
2281 3105 2356 3132 Rad-

1634 3144 1696 3172 cliff
1707 3144 1845 3173 concclso.
2320 3153 2356 3178 52

1598 3184 1640 3211 De
1660 3184 1808 3210 Conduciu
1828 3193 1877 3219 pro
1897 3181 2135 3210 Ambaffiatoribus
2153 3181 2301 3218 Dauphini.
2321 3191 2356 3218 53

1600 3222 1642 3249 De
1661 3223 1791 3249 Potestate
1806 3222 1936 3250 tractandi
1953 3231 2017 3249 cum
2034 3219 2273 3248 Ambaffiatoxibus
2282 3221 2356 3248 Dau-

1637 3260 1723 3297 phini.
2318 3267 2357 3295 54.

1601 3300 1642 3326 De
1659 3299 1795 3327 tractando
1813 3297 1890 3335 super
1906 3299 1971 3325 Pace
1986 3297 2070 3326 finali.
2318 3299 2357 3333 56

1599 3339 1641 3364 De
1655 3337 1795 3365 trastando
1813 3336 1846 3363 de
1868 3336 2058 3364 Matrimonio.
2316 3345 2353 3371 57

1598 3376 1649 3402 Pro
1669 3375 1770 3402 Abbate
1785 3375 1817 3402 de
1833 3375 1981 3403 Fonteneio
1992 3395 1998 3405 ,
2020 3375 2052 3401 dc
2068 3373 2297 3402 Confirmatione.
2315 3373 2353 3409 58

1599 3413 1641 3441 De
1658 3414 1805 3441 eonducta
1822 3422 1870 3449 pro
1887 3412 2012 3449 johanne
2030 3414 2078 3440 Sac
2095 3415 2121 3441 ὃς
2137 3413 2202 3441 aliis.
2312 3420 2351 3447 59

1599 3453 1641 3479 De
1657 3451 1736 3478 Clero
1754 3452 1875 3478 Eborum
1893 3450 2046 3478 Provinciae
2061 3452 2246 3479 convocando.
2315 3452 2351 3477 60

1599 3492 1640 3517 De
1658 3490 1788 3516 Potestare
1803 3488 1946 3524 recipiendi
1962 3489 1993 3515 ad
2009 3490 2131 3517 Gratiam
2153 3490 2246 3525 Regis.
2314 3490 2348 3516 61

1601 3529 1651 3556 Pro
1670 3526 1804 3565 Episcopo
1825 3526 1966 3554 Ebroicen.
1990 3529 2018 3556 ὃς
2038 3526 2093 3555 aliis
2107 3548 2114 3560 ,
2140 3529 2171 3555 de
2189 3526 2349 3555 ConduCtu.

2314 3566 2350 3592 62.

1600 3603 1744 3631 Indentura
1760 3602 1838 3640 super
1853 3604 2086 3632 Pei-mutationem
2104 3603 2187 3630 Ducis
2211 3600 2348 3630 d'Orlien-

1637 3650 1667 3668 cc
1687 3643 1713 3669 δ(
1736 3642 1819 3669 Ducis
1836 3642 1958 3672 Burbon.
1981 3642 2201 3670 l‘risonatiorum.
2311 3643 2347 3677 63

1599 3680 1641 3707 De
1657 3679 1804 3707 Conduetu
1818 3689 1867 3715 pro
1886 3679 1973 3708 Milite
1986 3681 2018 3708 de
2034 3680 2133 3706 Roch.
2310 3681 2348 3715 ⁶4·

1599 3718 1641 3745 De
1656 3717 1787 3745 Potestate
1801 3718 1945 3746 commiffa
1957 3721 1989 3746 ad
2002 3716 2263 3745 communicandum
2281 3726 2348 3744 cum

1638 3755 1782 3784 Mereduth
1804 3765 1836 3793 ap
1855 3758 1946 3784 Owen
1966 3756 1997 3783 ad
2020 3755 2045 3782 se
2067 3755 2292 3782 transfretandum
2318 3755 2347 3783 in

1636 3794 1792 3823 Normann.
1810 3795 1841 3822 ad
1861 3796 1929 3831 Regi
1948 3792 2162 3820 deserviendum.
2308 3794 2346 3827 65

1598 3832 1649 3858 Pro
1675 3830 1781 3868 Juliana
1798 3834 1891 3861 Uxore
1915 3831 2029 3858 petride
2043 3829 2192 3859 Garisevi'lle
2210 3829 2350 3858 Prisonarii

1634 3870 1716 3906 Regis
1728 3890 1735 3902 ‚
1756 3870 1789 3897 de
1803 3869 1992 3898 Concessione.
2313 3870 2349 3896 66

1598 3908 1641 3934 De
1664 3908 1811 3936 conductu
1833 3917 1881 3944 pro
1904 3906 2029 3943 johanne
2051 3908 2083 3935 dc
2106 3908 2235 3943 Saintyon
2259 3907 2351 3934 versus

1635 3947 1744 3973 Ducem
1758 3944 1918 3982 Burgundiae
1932 3944 2100 3982 proredium.
2315 3946 2350 3980 67

1599 3984 1651 4011 Pro
1670 3983 1815 4012 willielmo
1832 3981 2007 4015 Cantelowe,
2030 3985 2062 4011 de
2079 3983 2225 4021 Requestu.
2314 3983 2351 4009 68

1963 4022 1988 4047 O
2299 4023 2354 4050 Pio
