2561 4263
783 207 1211 256 REGINAE

181 299 268 328 quam
287 299 341 323 nos
354 291 549 325 existimemus
568 293 647 328 hunc
667 294 771 328 Matris
789 298 943 337 digressum
962 300 1070 331 Vestrae
1096 300 1237 339 Majestati

180 330 242 361 fore
261 332 584 371 permolestum,tamen
604 335 671 365 huic
687 336 774 374 illius,
793 337 847 366 sive
867 338 969 368 Patriae
986 349 1100 376 amore,
1115 340 1171 370 sive
1189 351 1239 370 va-

177 367 309 398 letudinis
322 370 471 408 curandae,
490 373 606 410 rationi,
626 373 757 404 Vestram
776 374 958 412 Majestatem
979 378 1100 415 benigne
1119 379 1151 407 ὅ(
1171 388 1239 409 cum

179 405 277 436 favore
295 409 492 439 concessuram
511 421 569 441 non
586 413 758 442 dubitamus.
797 413 895 451 ltaque
918 415 987 444 cum
1009 425 1056 453 per
1074 416 1100 445 se
1118 417 1238 447 libenter

180 443 282 475 Vestra
300 444 438 477 Serenitas
452 448 516 479 huic
537 449 638 480 Matris
655 451 898 490 voluntati,omni
916 454 1023 489 pietatis
1038 455 1237 493 ratione‚om·

177 486 263 526 nique
283 482 462 517 humanitatis
475 487 578 517 officio
593 511 603 525 ‚
629 488 794 519 satisfactura
812 490 856 527 sit,
878 490 987 524 tumut
1005 502 1056 522 rios
1072 495 1156 523 etiam
1176 493 1236 524 hoc

176 520 246 550 illius
268 530 371 552 votum
391 524 424 554 &
442 525 608 555 desiderium
627 526 727 556 nostris
747 527 856 558 Litteris
875 529 1037 566 juvaremus
1051 553 1059 568 ‚
1086 541 1138 568 pro
1156 532 1237 561 variis

178 560 251 589 inter
271 569 325 590 nos
344 561 443 599 studii,
460 565 672 602 propinquitatis
693 566 724 595 &
744 568 848 596 amoris
867 567 984 605 officiis,
1001 567 1083 599 facile
1102 569 1236 599 adduetae

175 597 278 628 sumus.
316 598 372 629 Sed
392 602 496 631 nostrae
515 604 657 638 petitionis
683 606 771 642 magis
789 606 958 642 explicatam
977 607 1116 636 rationem
1135 607 1233 637 Nobi-

176 635 210 665 lis
228 636 279 666 Vir
298 637 370 680 Dori
384 638 509 676 Joannes
526 640 561 670 de
580 642 666 680 Ayala
679 651 712 671 ex
733 642 889 673 Nobilibus
905 645 986 674 Aulae
1003 644 1139 675 Caesareae
1155 644 1239 675 fusius

176 673 338 705 declarabit.
357 675 415 705 Cui
435 686 465 708 tit
485 678 569 708 sidem
586 681 688 712 tribuat
706 681 802 712 Vestra
821 682 951 720 Maiestas
971 682 1235 721 rogamus.l-lamp-

176 720 246 751 ton,
265 714 361 750 primo
375 714 444 752 julii
468 725 552 754 1555.

174 836 417 881 Reverendiffi'mo
440 843 558 888 Mzgno
589 841 741 889 Magistro
769 844 926 890 Religionis
958 845 1061 876 San&
1082 844 1236 892 Johannis

356 889 617 934 Hierosolimitani
627 918 636 933 ‚
650 895 755 923 Amico
772 890 863 933 nostro
883 891 1062 934 Clmriffimo.

176 968 469 1024 REverendiffime.
513 975 617 1005 Caesari
643 975 774 1006 Puccino
799 976 960 1015 Religionis
982 976 1081 1006 vestrae
1106 978 1204 1016 Equiti
1224 1002 1233 1017 ,

256 1020 371 1049 propter
391 1012 463 1042 illius
483 1014 618 1044 virtutem
636 1036 645 1050 ‚
672 1024 737 1051 quae
755 1016 837 1044 nobis
860 1015 1011 1051 praedicata
1029 1015 1070 1045 est
1084 1038 1093 1053 ⁷
1114 1018 1234 1047 libenter

174 1047 312 1079 favemus.
331 1049 426 1086 Hujus
445 1053 514 1081 vero
533 1051 636 1082 nostrae
653 1053 681 1081 iri
701 1062 768 1082 eum
788 1054 957 1090 voluntatis,
972 1054 1040 1083 cum
1059 1054 1170 1091 signum
1186 1056 1235 1085 ali-

173 1088 253 1123 quod
273 1096 365 1118 extare
381 1089 545 1128 cupiamus,
563 1090 741 1120 scribendum
763 1090 787 1119 V
792 1091 869 1121 estrae
885 1091 1069 1122 Excellentiae
1083 1093 1138 1123 effe
1153 1093 1234 1122 duxi—

174 1134 256 1164 mus,
276 1127 312 1156 ab
329 1125 419 1164 eaque
437 1128 606 1164 petendum,
626 1136 655 1157 ut
673 1128 718 1158 ille
735 1128 831 1166 favor,
850 1140 908 1167 φο
924 1131 984 1167 jam
1005 1129 1103 1161 Vestra
1132 1131 1233 1161 Excel-

171 1163 257 1194 lentia
274 1164 320 1194 sua
338 1164 435 1201 sponte
459 1164 600 1195 Caesarem
621 1166 784 1197 Puccinum
805 1169 978 1207 prosequitur
998 1191 1007 1207 ,
1034 1169 1132 1199 nostro
1150 1172 1234 1200 etiam

172 1211 270 1239 rogatu
288 1211 428 1241 augeatur.
465 1203 553 1234 Grata
571 1205 650 1234 enim
670 1206 753 1235 nobis
770 1215 811 1235 res
829 1207 896 1244 erit,
913 1207 931 1236 ii
948 1205 1234 1246 intelligamus,haric

172 1240 297 1270 nostram
316 1241 603 1273 commendationem
630 1244 670 1273 illi
698 1245 859 1275 commodo
888 1247 921 1277 &
949 1255 1118 1277 ornamento
1140 1246 1233 1277 fuiffe.

172 1277 342 1316 Deus,&c.
361 1278 565 1320 Hamptoniae‚
576 1289 618 1319 13.
634 1281 708 1320 Julii.
731 1291 814 1321 1555.

965 1359 1132 1392 Mania.

171 1486 301 1518 Domino
322 1482 448 1518 Alberto
469 1486 583 1517 Senium·
595 1484 773 1576 Alasffiioni
787 1484 1040 1532 Brundeburgenst
1053 1511 1062 1526 ,
1097 1487 1178 1518 Duci
1198 1489 1229 1517 in

610 1538 672 1566 Pru
692 1546 742 1574 za,
768 1537 834 1572 &c.

169 1617 392 1678 ILlustrisfime
411 1617 563 1655 Princeps,
579 1616 751 1649 Chariffime
768 1618 994 1658 Consanguinee.
1033 1619 1153 1650 Litteras
1171 1618 1232 1649 Ex—

218 1657 356 1687 cellentiae
381 1655 489 1688 Vestrae
514 1657 589 1686 datas
607 1656 727 1687 decimo
748 1657 855 1688 octavo
880 1659 1018 1688 Odiobris
1038 1681 1047 1695 ,
1084 1660 1139 1688 una
1159 1666 1230 1701 cum

168 1694 241 1725 ocio
262 1695 431 1726 Falconibus
445 1696 615 1733 accepimus.
646 1695 722 1726 Haec
738 1695 819 1725 studii
834 1696 917 1727 vestri
932 1706 999 1734 erga
1012 1706 1063 1726 nos
1078 1706 1126 1734 per
1142 1696 1234 1727 Litte-

169 1741 212 1763 ras
226 1732 364 1764 declarata
383 1733 567 1771 significatio,
589 1733 622 1763 &
640 1735 703 1765 haec
721 1735 807 1764 etiam
832 1735 1039 1765 benevolentiae
1059 1734 1160 1765 vestrae
1184 1745 1232 1772 per

169 1770 297 1802 Munera
314 1781 357 1803 tot
373 1773 481 1802 vicibus
500 1771 623 1809 expressa
639 1773 855 1811 repraesentatio,
869 1774 950 1804 valde
965 1775 1047 1804 nobis
1060 1782 1135 1811 grata
1148 1781 1229 1812 atque

167 1810 289 1847 iucunda
310 1810 412 1841 existit.
447 1810 508 1841 Pro
526 1811 569 1841 his
592 1811 684 1848 itaque
707 1811 835 1849 Litteris,
854 1821 959 1851 proque
978 1813 1020 1842 his
1043 1812 1230 1856 Muneribus,

167 1849 269 1886 gratias
286 1859 364 1880 nunc
381 1850 503 1879 libenter
519 1849 626 1887 agimus
640 1871 650 1887 ,
675 1850 708 1881 &
732 1849 844 1880 easdem
863 1860 978 1888 quoque
1004 1859 1108 1880 mutuis
1130 1849 1231 1880 nostris

166 1885 270 1917 officiis
282 1887 377 1918 sumus
390 1888 517 1918 relaturae
531 1910 540 1925 ,
569 1887 806 1926 quandocumque
830 1889 913 1918 nobis
926 1890 1125 1926 opportunitas
1139 1889 1173 1917 ad
1197 1889 1226 1919 id

165 1924 270 1956 idonea
288 1925 352 1956 data
366 1926 457 1956 fuerit.
495 1925 664 1963 Deus‚&c.
683 1926 726 1957 Ex
742 1926 837 1966 Regia
851 1927 945 1957 nostra
962 1927 1036 1965 apud
1055 1926 1167 1958 Divum
1179 1926 1230 1965 Ja-

165 1963 277 1994 cobum
287 1987 297 2003 ‚
317 1972 362 2003 14.
385 1964 570 1995 Decembris.
581 1973 664 2003 1555.

351 2094 481 2127 Domini
506 2091 656 2134 Herculi,
684 2093 769 2126 Duci
787 2092 952 2134 Ferram‘ae,
979 2095 1043 2130 &c-

161 2177 385 2240 ILlustrisfimc
405 2175 736 2215 Princeps‚Chariffime
752 2175 977 2215 Consanguinee.
997 2177 1147 2208 Dominus
1163 2178 1224 2208 An-

213 2217 307 2247 tonius
325 2216 440 2247 Montis
456 2215 544 2246 Acuti
562 2215 709 2255 Regulus,
729 2215 763 2245 &
781 2215 967 2246 Reverendus
986 2217 1015 2246 in
1034 2215 1151 2247 Christo
1171 2216 1224 2247 Pa-

161 2263 204 2285 ter
222 2254 402 2285 D.Thomas
420 2253 533 2285 Elienfis
549 2253 726 2292 Episcopus,
740 2253 988 2291 nostri,superiori
1000 2255 1134 2292 auno,ad
1151 2254 1227 2286 sum-

162 2304 246 2324 mum
270 2293 441 2324 Pontificem
456 2292 605 2330 Oratores,
621 2294 737 2323 crebros
751 2292 901 2324 nobiscum
924 2293 1066 2323 sermones
1087 2294 1227 2332 habuere,

164 2332 202 2362 de
222 2333 261 2362 siri
283 2332 348 2363 ulari
373 2331 574 2362 benevolentia
603 2331 658 2369 qufi,
690 2331 751 2361 illos
775 2330 872 2361 Vestra
892 2330 1062 2362 Excellentia
1083 2332 1228 2369 splendide

164 2341 375 2409 magniigceque
394 2371 515 2407 excepit.
535 2370 613 2408 Qiae
634 2368 826 2400 Humanitatis
843 2368 950 2412 Vestrae
964 2379 1022 2400 tam
1037 2370 1151 2401 illustria
1165 2371 1226 2401 Te-

166 2409 298 2440 stimonia
315 2410 344 2439 in
363 2419 399 2439 eo
419 2409 558 2439 habemus
581 2408 665 2446 loco,
680 2417 714 2438 ac
735 2408 754 2438 si
778 2408 863 2438 nobis
878 2408 940 2445 iplis
962 2408 1138 2445 praesentibus
1154 2419 1226 2448 prae-

166 2447 228 2478 stita
249 2448 428 2485 exhibitaque
444 2446 570 2477 fuissent.
607 2445 706 2484 Itaque
721 2447 803 2476 nobis
818 2446 900 2476 valde
921 2456 1016 2484 optata
1040 2448 1091 2478 erit
1112 2448 1225 2478 occasio

163 2486 229 2524 ilia,
246 2486 319 2524 qua,
333 2495 379 2516 aut
400 2484 508 2516 Vestrae
525 2484 708 2515 Excellentiae
724 2483 820 2514 officia
836 2486 928 2523 paria,
949 2494 996 2515 aut
1011 2487 1116 2524 cuique
1129 2486 1225 2517 vestro

162 2526 283 2555 nomine
299 2523 445 2564 persimilia
463 2523 622 2555 commoda
638 2523 787 2560 aliquando
805 2522 934 2559 praestare
950 2524 1119 2563 poterimus,
1139 2534 1225 2563 quem

164 2562 296 2594 nostrum
315 2564 461 2600 animum,
475 2570 507 2593 ut
524 2560 616 2593 vestra
632 2562 784 2598 experiatur
798 2560 1153 2599 Excellentia,admodum
1172 2573 1225 2602 po-

166 2601 312 2633 stulamus.
347 2601 515 2638 Deus,&c.
551 2599 599 2631 Ad
621 2599 889 2638 D.Jacobum‚16.
907 2600 984 2632 Dec.
1004 2609 1087 2639 1555.

429 2725 558 2757 Domino
576 2724 676 2769 Cofhzo
687 2749 695 2765 ‚
708 2725 789 2757 Dnci
804 2723 963 2759 Florentiae.

165 2811 381 2872 ILiustriffime
402 2812 555 2848 Princeps,
579 2809 750 2841 Charissime
774 2809 1002 2849 Consanguinee.
1022 2810 1132 2850 Magna
1152 2821 1223 2843 cum

215 2852 358 2889 voluptate
381 2851 541 2881 audivimus
566 2850 650 2886 quam
675 2849 805 2884 singulari
827 2848 1027 2888 splendidaque
1040 2850 1224 2882 humanitatis

162 2891 291 2926 ratione,
307 2889 481 2919 Excellentia
497 2887 597 2918 Vestra
618 2889 729 2925 accepit
751 2885 863 2917 nostros
879 2886 1012 2917 Oratores
1028 2910 1038 2926 ,
1060 2898 1130 2928 quos
1143 2890 1224 2927 supe-

163 2927 232 2956 riori
247 2937 342 2966 anno,
354 2930 388 2957 ad
405 2927 562 2957 Summum
584 2925 758 2956 Pontificem
773 2926 937 2963 legavimus.
958 2926 1058 2964 Quam
1081 2936 1156 2966 grata
1170 2938 1226 2958 no—

163 2965 208 2995 bis
229 2964 350 2996 existunt
377 2965 440 2994 haec
457 2973 514 2995 tam
531 2965 602 3002 grati
621 2972 684 3002 erga
700 2974 752 2994 nos
769 2965 857 2993 animi
873 2963 956 2995 vestri
979 2964 1141 2996 testimonia
1159 2989 1167 3004 ‚
1190 2968 1224 2998 &

162 3003 208 3033 his
228 3003 342 3034 Litteris
362 3002 467 3033 nostris
480 3003 602 3032 libenter
617 3002 749 3039 cupimus
773 3001 918 3032 ostendere
932 3025 942 3039 ,
966 3003 999 3032 &
1017 3006 1122 3043 mutuis
1139 3006 1223 3035 etiam

162 3041 268 3072 officiis
284 3041 446 3080 frequenter
457 3039 632 3070 studebimus
645 3041 800 3078 declarare,
813 3041 1053 3079 quandocumque
1071 3043 1156 3073 nobis
1168 3053 1222 3080 op-

160 3080 317 3119 portunitas
340 3080 402 3110 data
420 3078 503 3109 fuerit
519 3101 528 3116 ,
554 3077 609 3115 qua
634 3087 680 3108 aut
695 3078 880 3109 Excellentiae
897 3078 922 3108 V
924 3078 1005 3109 estrae
1019 3089 1127 3118 gratam
1145 3091 1223 3119 tem,

162 3128 210 3149 aut
232 3120 335 3156 cuique
356 3117 439 3148 vestri
455 3116 572 3146 honoris
593 3116 675 3146 caus&
689 3139 698 3154 ,
720 3117 838 3147 similem
855 3118 1095 3148 commoditatem
1113 3121 1222 3156 poteri-

161 3166 227 3187 mus
246 3156 446 3196 repraesentare.
465 3155 562 3193 Deus,
576 3156 637 3186 &c.
657 3154 703 3185 Ad
719 3155 760 3185 D.
771 3154 914 3193 jacobum
925 3177 935 3193 2
947 3156 989 3185 16.
1001 3155 1075 3187 Dec.
1098 3166 1184 3196 1555.

306 3310 436 3341 Domino
459 3305 589 3341 Gnidoni
608 3303 724 3339 Ubaldo
736 3330 745 3346 ‚
768 3306 851 3338 Daci
871 3304 1003 3347 Urbini,
1019 3310 1084 3346 &a

156 3392 381 3454 ILlustriffime
398 3392 550 3430 Princeps,
573 3390 743 3422 Charisfime
761 3390 989 3431 Consanguinee.
1006 3391 1143 3424 Oratores
1160 3404 1217 3425 no-

200 3431 256 3468 stri,
266 3430 410 3461 Dominus
420 3431 563 3462 Antonius
576 3430 688 3460 Montis
699 3430 787 3460 Acuti
799 3429 976 3469 Regulus,&
988 3430 1172 3462 Reverendus
1184 3434 1213 3463 in

155 3469 276 3500 Christo
299 3469 432 3506 Princeps
447 3470 596 3499 Dominus
609 3469 740 3499 Thomas
754 3468 871 3500 Elieniis
885 3469 1059 3508 Episcopu3‚
1081 3480 1153 3508 quos
1169 3470 1215 3501 su-

178 3510 259 3539 eriori
274 3518 349 3539 anno
366 3506 491 3537 Romam
505 3508 541 3537 ad
560 3507 714 3538 Summum
732 3506 901 3538 Pontificem
916 3508 1040 3538 misimus
1050 3530 1059 3546 ,
1073 3508 1146 3545 saepe.
1158 3519 1211 3540 no-

153 3517 200 3577 {js
219 3546 341 3578 vestram
361 3545 516 3576 exhibitam
537 3546 588 3576 illis
609 3546 815 3576 humanitatem
836 3546 1030 3583 praedicarunt.
1068 3546 1101 3577 In
1116 3549 1214 3577 omni-

151 3584 208 3616 bus
225 3586 306 3624 hujus
324 3583 463 3621 singularis
480 3584 686 3614 benevolentiae
706 3583 807 3614 vestrae
830 3583 953 3622 officiis,
967 3586 1103 3623 quoniam
1121 3585 1212 3616 nostri

150 3623 274 3654 honoris
293 3625 447 3654 maximam
467 3622 605 3651 rationem
624 3622 748 3653 habitam
772 3623 853 3653 fuisse
870 3625 1004 3654 novimus
1016 3646 1025 3660 ,
1051 3625 1211 3662 putavimus

151 3671 216 3693 non
235 3660 483 3693 committendum
503 3660 585 3694 nobis
599 3660 674 3698 esse,
685 3661 755 3698 quin
770 3662 798 3692 id
808 3684 818 3700 2
833 3661 910 3699 quod
922 3671 979 3692 tam
995 3662 1154 3693 humaniter
1170 3662 1210 3693 fa-

152 3700 238 3730 <stum
259 3700 326 3730 esset
345 3698 443 3730 nostra
460 3697 542 3728 causa
558 3720 568 3735 ‚
598 3698 718 3728 libenter
736 3700 822 3730 etiam
847 3699 1062 3740 agnosceremus
1075 3723 1084 3739 ,
1109 3700 1211 3733 nostris

151 3737 277 3769 Litteris.
314 3737 411 3776 Itaque
434 3737 452 3766 si
468 3746 515 3773 par
531 3736 615 3766 nobis
627 3736 740 3766 occasio
753 3737 862 3768 dabitur
874 3763 883 3775 ‚
909 3738 965 3777 quii
982 3738 1117 3776 poffimus
1135 3740 1207 3779 esse,

150 3777 201 3806 vel
221 3785 395 3807 ornamento
415 3774 512 3806 vestrae
532 3774 689 3812 Dignitati,
703 3775 748 3804 vel
770 3777 965 3807 emolumento
980 3776 1138 3807 vestrorum
1154 3780 1207 3808 uti-

150 3814 238 3853 litati,
257 3816 430 3852 efficiemus‚
450 3822 480 3844 ut
499 3814 563 3843 haec
582 3813 760 3843 humanitatis
774 3813 870 3844 vestrae
886 3816 983 3846 officia
1000 3817 1052 3846 rite
1069 3816 1207 3848 collocata

146 3852 234 3920 {uisse
253 3854 410 3885 videantur.
447 3852 549 3890 Deus,
569 3852 630 3884 &c.
673 3850 721 3881 Ad
743 3850 783 3882 D.
804 3851 950 3891 Jacobum
963 3878 973 3893 ,
995 3854 1042 3885 16.
1076 3854 1206 3886 Decem-

168 3900 206 3920 ris
233 3899 316 3930 1555.

187 4123 260 4154 Tem.
279 4122 335 4152 lx.
359 4124 393 4152 P.
412 4124 462 4152 1V.

1300 218 1737 264 ANGLIAE.
2295 246 2340 275 11

1280 389 1522 434 Reverendtffimo
1541 396 1572 425 in
1589 392 1804 476 Chrtstokfatri
1813 422 1821 438 ‚
1830 397 1960 477 §omino
1978 399 2098 448 Joanni
2114 404 2221 448 Poggio
2233 407 2286 444 ‚S.
2296 408 2338 439 R.

1735 468 1743 477 .
1769 447 1829 477 Car
1851 448 1936 480 inali.

1279 524 1560 579 REverendiss'ime
1584 527 1614 558 in
1636 526 1754 560 Christo
1776 529 1876 569 Pater,
1898 534 2062 571 accepimus
2077 545 2111 566 ex
2130 532 2268 577 frequenti
2282 536 2336 568 ser⁴

1357 574 1444 594 mone
1461 566 1626 596 nostrorum
1646 566 1801 598 Oratorum
1824 569 1948 600 Domini
1968 574 2089 604 Antonii
2113 574 2227 607 Montis
2247 576 2336 606 Acuti

1275 600 1396 644 Reguli,
1410 604 1443 634 &
1461 602 1622 635 Reverendi
1641 606 1671 635 in
1690 606 1807 637 Christo
1825 607 1911 638 Patris
1933 609 2060 642 Domini
2077 612 2208 644 Thomae
2222 613 2336 644 Eliensis

1275 638 1411 684 Episcopi
1432 663 1441 678 ,
1476 651 1548 679 quos
1571 643 1702 680 supremo
1722 654 1799 675 anno
1820 644 1951 677 Romam
1976 649 2101 681 misimus
2127 652 2161 682 ad
2177 652 2335 683 Summum

1276 677 1467 722 Pontificem,
1484 680 1617 723 praeclara
1640 683 1845 722 magnificaque
1864 686 2073 718 benevolentiae
2094 690 2194 721 officia
2208 714 2218 729 ‚
2243 691 2333 721 nostri

1276 715 1392 747 honoris
1403 717 1505 754 causa,
1518 718 1571 748 illis
1586 718 1684 756 paffim
1699 721 1728 750 in
1742 721 1828 752 Urbe
1841 722 1923 755 fuiffe
1938 728 2278 764 repraeientata.Seorsum
2290 738 2334 760 ta-

1276 763 1342 783 men
1364 754 1472 785 Vestrae
1493 755 1747 801 Reverendiffimae
1767 759 1920 799 Dignitatis
1943 763 2108 803 singularem
2122 776 2187 807 erga
2201 768 2264 798 illos
2277 778 2335 798 vo-

1275 792 1410 837 luntatem
1441 794 1515 832 saepe
1537 796 1699 834 prolixeque
1716 798 1799 828 nobis
1814 802 2062 834 commendarunt.
2083 804 2198 842 Quibus
2211 816 2272 837 non
2287 806 2332 836 so-

1276 830 1336 860 lum
1358 833 1524 863 communis
1546 834 1682 864 omnibus
1702 835 1884 867 humanitatis
1904 840 1976 870 ratio
1997 840 2138 881 praestita,
2161 843 2204 874 sed
2218 845 2333 882 propria

1273 870 1359 912 etiam
1375 870 1591 913 Dominationis
1606 872 1706 902 vestrae
1722 873 1837 904 Domus
1849 880 2115 918 aperta,omniaque
2131 881 2242 913 Sandhe
2256 883 2333 914 Hos-

1275 909 1415 944 pitalitatis
1423 918 1484 946 jura
1499 918 1569 940 cum
1587 910 1626 939 eis
1643 911 1797 943 constituta
1813 914 1938 945 fuerunt.
1956 915 2145 949 Scribendum
2162 921 2255 959 itaque
2277 932 2333 952 no-

1275 947 1316 975 bis
1326 946 1435 977 Vestrae
1451 947 1604 986 Dignitatis
1616 949 1673 979 effe
1687 949 1902 989 duximus,non
1918 961 1949 983 ut
1963 953 2077 986 Litterae
2093 957 2196 988 nostrae
2211 959 2333 991 vestram

1272 985 1455 1022 compensent
1473 986 1696 1026 humanitatem,
1710 988 1756 1019 sed
1774 998 1803 1020 ut
1820 990 2029 1023 benevolentiae
2051 994 2151 1025 vel’trae
2169 1006 2333 1029 memorem

1271 1021 1327 1051 effe
1351 1023 1475 1053 nostram
1494 1023 1645 1058 ostendant
1658 1027 1919 1066 voiuntatem‚non
1936 1030 2014 1060 enim
2035 1033 2184 1072 volumus,
2197 1044 2227 1066 ut
2244 1038 2332 1068 verba

1272 1059 1365 1090 nostra
1385 1062 1571 1099 respondeant
1589 1063 1669 1094 saetis
1690 1065 1802 1105 vestris,
1818 1076 1872 1097 nec
1887 1076 1919 1098 ut
1938 1069 2004 1099 tales
2024 1069 2140 1102 Litterae
2162 1073 2328 1106 iatisfaciant

1271 1100 1354 1141 tantis
1366 1099 1493 1143 officiis,
1508 1100 1555 1131 sed
1570 1110 1601 1132 ut
1616 1112 1686 1146 nos,
1699 1105 1748 1141 qui
1770 1104 1864 1135 studio
1880 1105 1942 1143 jam
1957 1107 2052 1138 sumus
2066 1111 2204 1149 aequales,
2219 1112 2328 1143 benefi-

1271 1145 1322 1166 ciis
1339 1136 1487 1176 aliquando
1503 1148 1601 1183 pares,
1617 1141 1650 1172 &
1667 1144 1685 1171 ii
1707 1145 1903 1179 opportunitas
1921 1144 2049 1185 dabitur,
2070 1149 2156 1178 etiam
2175 1150 2333 1188 superiores

1269 1175 1574 1219 eyadamusCupimus
1589 1180 1674 1215 igitur
1689 1189 1719 1211 ut
1732 1180 1830 1210 Vestra
1843 1181 2085 1215 Reverendisfima
2092 1186 2265 1219 Dominatio
2281 1199 2331 1220 ac-

1272 1222 1358 1251 cipiat
1372 1214 1419 1245 bas
1431 1214 1539 1245 nostras
1555 1215 1673 1248 Litteras
1683 1228 1758 1254 ‚non
1775 1219 1867 1249 solum
1883 1229 1913 1251 ut
1932 1231 2072 1253 memores
2085 1225 2184 1256 vestrae
2199 1228 2330 1258 benevo-

1271 1251 1383 1289 lentiae,
1401 1253 1502 1284 verum
1520 1255 1606 1285 etiam
1628 1264 1660 1285 ut
1681 1255 1761 1286 testes
1783 1257 1884 1288 nostrae
1907 1260 2060 1292 voluntatis
2085 1272 2170 1301 atque
2193 1264 2293 1302 studii,
2308 1266 2330 1297 ss

1271 1291 1386 1327 quando
1406 1292 1468 1322 talis
1483 1292 1596 1323 occafio
1608 1294 1691 1324 nobis
1701 1293 1852 1333 offeratur,
1867 1297 1923 1334 qua
1943 1306 1990 1329 aut
2003 1300 2104 1331 vestrae
2120 1302 2328 1335 Dominationi

1272 1328 1437 1367 gratificari,
1451 1338 1498 1360 aut
1525 1331 1621 1369 alteri,
1647 1331 1741 1363 vestro
1757 1333 1898 1372 postulatu
1912 1359 1922 1373 ,
1951 1339 2140 1370 commodare
2162 1342 2327 1380 poterimus.

1273 1368 1371 1406 Deus,
1386 1369 1448 1399 &c.
1472 1369 1558 1406 Apud
1574 1369 1616 1400 D.
1632 1370 1794 1411 Jacobum,
1819 1372 1866 1404 16.
1881 1373 2025 1405 Decemb.
2046 1385 2131 1416 1555.

1269 1488 1512 1533 Reverendi'ffi'mo
1533 1495 1641 1532 Patri,
1656 1495 1781 1527 Domino
1796 1494 2015 1544 Archiepiftopo
2034 1501 2176 1543 Genuenst
2183 1525 2192 1541 ‚
2202 1504 2233 1535 S.
2249 1504 2326 1537 DN.

1317 1540 1360 1574 N,
1387 1541 1450 1571 Pe.
1477 1538 1676 1583 Thefizurario
1696 1545 1834 1576 Generali
1845 1547 1974 1587 ‚Amico
1991 1545 2082 1589 nestro
2101 1547 2282 1592 Chariffimo.

1272 1621 1557 1678 REverendiffime
1580 1623 1671 1656 Pater.
1711 1625 1846 1657 Oratores
1865 1629 1973 1667 nostri,
1988 1630 2135 1663 Dominus
2159 1633 2330 1675 Antonius3

1350 1661 1463 1692 Montis
1480 1662 1567 1693 Acuti
1585 1662 1709 1701 Regulus
1729 1687 1739 1703 ,
1772 1666 1806 1696 &
1828 1666 2015 1698 Reverendus
2036 1670 2065 1699 in
2089 1669 2207 1701 Christo
2229 1673 2329 1713 Pater,

1268 1696 1416 1730 Dominus
1423 1700 1558 1730 Thomas
1567 1700 1683 1732 Eliensis
1700 1702 1941 1743 Episcopus,quos
1957 1707 1991 1737 ad
2002 1707 2139 1738 Sanctum
2155 1708 2330 1742 Pontificem

1266 1746 1341 1767 anno
1355 1740 1494 1775 praeterito
1509 1739 1647 1778 misimus,
1655 1739 1778 1771 domum
1792 1743 1826 1773 ad
1836 1752 1890 1773 nos
1903 1745 2086 1786 reversi,saepe
2094 1747 2246 1779 nobiscum
2255 1751 2332 1781 mul-

1267 1782 1383 1814 tumque
1400 1786 1517 1816 egerunt
1532 1777 1569 1808 de
1583 1779 1735 1816 multiplici
1755 1780 1964 1812 benevolentiae
1978 1785 2104 1823 ratione,
2128 1786 2184 1823 qua
2200 1788 2283 1819 multi
2297 1790 2328 1819 in

1269 1812 1345 1844 [talia
1364 1815 1509 1853 Principes
1521 1826 1570 1846 eos
1585 1826 1765 1855 acceperunt.
1785 1818 1861 1849 Inter
1874 1820 1994 1859 reliquos
2010 1824 2084 1853 vero
2100 1824 2199 1854 vestrae
2219 1826 2329 1857 Domi-

1266 1854 1387 1883 nationis
1400 1853 1543 1890 splendida
1557 1854 1597 1885 eis
1604 1854 1741 1886 Bononiae
1755 1857 1879 1888 exhibita
1891 1860 1988 1890 officia
2007 1858 2145 1900 frequenti
2157 1864 2239 1894 nobis
2254 1875 2326 1902 prae-

1265 1891 1393 1922 dicarunt
1412 1893 1550 1922 sermone·
1586 1892 1662 1924 Haec
1680 1894 1861 1926 humanitatis
1880 1897 1981 1929 vestrae
1998 1907 2063 1937 erga
2077 1900 2187 1931 nostros
2211 1903 2327 1942 officia,

1267 1938 1401 1967 tanquam
1414 1939 1489 1961 certa
1502 1932 1712 1963 benevolentiae
1728 1932 1827 1964 vestrae
1839 1944 1903 1974 erga
1919 1947 1972 1967 nos
1993 1937 2064 1974 ipsos
2089 1938 2248 1971 testimonia
2269 1943 2328 1974 esse

1266 1968 1407 1998 ducimus.
1425 1969 1503 2006 Quae
1519 1970 1606 2013 quam
1631 1979 1706 2008 grata
1719 1972 1802 2002 nobis
1818 1973 1898 2011 sunt,
1911 1975 1953 2005 his
1966 1975 2080 2013 quidem
2098 1975 2249 2015 significare
2264 1979 2330 2011 Lit-

1265 2008 1347 2044 teris,
1362 2008 1394 2037 &
1416 2009 1522 2038 mutuis
1544 2017 1630 2038 etiam
1654 2009 1795 2041 declarare
1811 2010 1914 2042 officiis
1929 2015 2120 2053 conabimur,
2131 2016 2201 2046 cum
2218 2027 2328 2056 oppor-

1262 2053 1330 2075 tuna
1345 2045 1451 2077 Vestrae
1469 2046 1610 2083 Dignitati
1624 2047 1795 2086 gratificandi
1811 2050 1926 2081 facultas
1938 2052 2021 2082 nobis
2035 2052 2098 2084 data
2112 2053 2204 2086 fuerit.
2227 2055 2326 2095 Deus,

1262 2084 1325 2115 &a
1349 2083 1395 2114 Ad
1411 2084 1456 2115 D.
1469 2084 1615 2123 Jacobum
1626 2108 1636 2124 ,
1653 2087 1697 2117 16.
1716 2086 1893 2119 Decembris
1910 2098 1994 2129 1555.

1264 2215 1648 2262 Reverendis,Magntficis
1668 2219 1705 2255 &¹
1723 2216 1935 2264 Spefz‘abilibus
1949 2223 2078 2253 Domino
2097 2221 2222 2267 Praefia'i‚
2236 2227 2332 2258 Sena-

1311 2270 1357 2298 tui
1373 2269 1409 2304 &⁴
1427 2268 1568 2311 Supremo
1588 2266 1771 2298 Cancellario
1797 2269 1902 2299 Status
1924 2267 2177 2314 Mediolanerfis‚
2207 2275 2330 2307 Amicis

1313 2314 1414 2358 nostris
1435 2312 1626 2357 Chartffimis.

1328 2399 1487 2437 Everendi,
1503 2398 1672 2439 Magnifici,
1684 2400 1866 2438 Spestabiles.
1887 2401 2002 2435 Libenti
2021 2405 2119 2436 animo
2133 2406 2330 2447 intelligimus;

1346 2447 1452 2477 quanto
1467 2439 1578 2477 studi0‚
1590 2439 1624 2470 δε
1636 2440 1721 2477 quam
1735 2440 1882 2477 splendido
1895 2451 2027 2479 apparatu
2048 2445 2194 2483 accepistis
2215 2446 2329 2478 nostros

1263 2476 1418 2515 Oratores,
1430 2486 1502 2515 quos
1523 2477 1656 2514 superiori
1676 2488 1753 2508 anno
1770 2478 1804 2508 ad
1823 2478 1977 2510 Summum
1993 2482 2119 2512 misimus
2141 2483 2326 2515 Pontificem.

1264 2515 1341 2545 Non
1355 2516 1571 2546 committemus
1584 2523 1613 2546 ut
1625 2516 1688 2546 haec
1705 2516 1800 2547 officia
1816 2516 1916 2554 vestra,
1923 2519 2013 2549 nostri
2030 2520 2145 2551 honoris
2158 2521 2238 2552 causa
2247 2530 2325 2560 ,tam

1262 2554 1368 2591 prolixe
1384 2552 1588 2593 magnificeque
1604 2563 1781 2592 comparata,
1798 2564 1833 2585 ex
1849 2555 1945 2587 nostra
1960 2558 2089 2589 excidant
2107 2560 2264 2599 memoria,
2276 2561 2325 2593 sed

1261 2593 1446 2629 quandocum
1469 2602 1503 2622 ue
1522 2600 1568 2622 aut
1587 2593 1706 2623 universi
1728 2593 1812 2623 vestri
1831 2592 1924 2624 Status
1939 2595 2086 2632 Dignitati
2101 2597 2326 2637 consulere‚aut

1262 2630 1399 2668 cujusque
1416 2640 1451 2660 ve
1479 2629 1544 2660 rfim
1564 2630 1672 2661 utilitati
1686 2631 1845 2668 prospicere
1865 2634 2021 2671 poterimus
2039 2657 2048 2673 ,
2073 2635 2246 2672 propensum
2271 2647 2327 2668 no-

1215 2681 1222 2684 -
1263 2668 1353 2699 strum
1378 2668 1520 2706 studium,
1539 2677 1717 2707 paratamque
1732 2669 1961 2702 benevolentiam
1983 2674 2090 2710 semper
2114 2673 2243 2705 sentietis.
2265 2674 2327 2707 Va-

1262 2707 1327 2738 lete.
1366 2706 1411 2737 Ex
1430 2706 1526 2747 Regia
1546 2706 1642 2739 nostra
1654 2707 1689 2738 ad
1707 2707 1749 2738 D.
1766 2707 1929 2747 jacobum,
1956 2711 2000 2740 16.
2017 2709 2189 2743 Decembris
2207 2721 2292 2752 1555.

1511 2898 1581 2929 Don
1609 2893 1749 2941 Joanm‘‚
1776 2897 1852 2942 Regi
1873 2896 2070 2942 Portugalliae.

1261 2993 1404 3054 MAria
1413 2994 1492 3031 ,&c.
1502 2991 1623 3021 Aloisius
1639 2989 1760 3028 Priuius,
1766 2989 1888 3020 Nobilis
1900 2989 2146 3028 Venetus,multos
2162 2993 2216 3030 jam
2229 3004 2318 3027 annos

1356 3034 1385 3063 in
1407 3030 1484 3062 Italia
1500 3027 1732 3067 conjunctiffime
1755 3029 1823 3058 vixit
1845 3038 1914 3059 cum
1930 3028 2177 3061 Reverendiffimo
2192 3032 2320 3063 chariffi-

1258 3081 1366 3109 moque
1392 3069 1491 3100 nostro
1510 3067 1731 3105 Consanguineo
1753 3065 1887 3097 Domino
1913 3066 2059 3098 Cardinali
2082 3068 2156 3100 Polo
2171 3092 2181 3108 ,
2200 3070 2233 3101 &
2250 3081 2320 3103 eum

1258 3111 1289 3140 in
1305 3109 1439 3148 Angliam
1455 3108 1581 3144 secutuS‚
1592 3107 1724 3135 intimam
1743 3103 1792 3134 hic
1809 3114 1877 3134 cum
1894 3114 1930 3135 eo
1946 3105 2182 3138 consuetudinem
2198 3109 2320 3140 familia-

1258 3149 1426 3185 ritatemque
1441 3146 1544 3182 habet,
1562 3144 1639 3181 cujus
1658 3143 1794 3180 nomine,
1804 3153 1856 3172 nos
1871 3152 1986 3186 quoque
2007 3145 2128 3174 multum
2143 3147 2168 3175 ei
2184 3146 2320 3178 libenter-

1257 3196 1312 3225 que
1332 3186 1470 3216 favemus.
1496 3182 1588 3220 Hujus
1606 3181 1703 3211 Aloisii
1721 3180 1833 3218 Frater,
1856 3180 1903 3210 diu
1921 3191 1976 3218 lam
1996 3182 2024 3212 iri
2044 3182 2171 3214 Lisbona
2189 3188 2319 3223 negotia-

1257 3234 1301 3256 tus
1320 3224 1361 3254 est
1379 3233 1427 3262 per
1447 3223 1507 3252 suos
1524 3220 1738 3250 Procuratores:
1759 3218 1817 3257 Hi,
1832 3219 1872 3249 uti
1890 3219 1947 3256 ipse
1965 3220 2002 3250 ait
2018 3243 2027 3258 ,
2052 3231 2113 3251 non
2131 3223 2241 3259 optima
2257 3223 2314 3256 fide

1255 3273 1324 3295 cum
1338 3270 1373 3293 eo
1391 3269 1506 3300 egerunt
1521 3282 1532 3297 ,
1556 3268 1611 3289 nec
1633 3259 1669 3288 ab
1688 3258 1726 3288 eis
1739 3257 1828 3296 justas
1846 3266 1938 3287 rerum
1963 3257 2072 3288 suarum
2090 3261 2228 3299 rationes,
2241 3272 2311 3294 cum

1255 3301 1355 3340 procul
1370 3301 1451 3337 abiit,
1466 3299 1595 3329 obtinere
1610 3296 1688 3326 nullo
1704 3296 1795 3326 modo
1811 3295 1912 3333 potest·
1950 3295 2009 3326 Pro
2032 3306 2102 3340 terea
2117 3301 2230 3338 cogitur
2250 3301 2311 3332 hoc

1251 3349 1381 3377 tempore
1401 3340 1438 3369 eo
1462 3337 1572 3367 mittere
1593 3335 1696 3365 Filium
1717 3335 1797 3365 suum
1819 3333 1991 3364 Matthaeum
2036 3336 2136 3366 riulum
2153 3359 2164 3375 ‚
2195 3340 2243 3377 qui
2261 3340 2313 3371 has

1251 3380 1354 3417 perfert
1376 3377 1494 3407 Litteras
1515 3386 1525 3411 ς
1552 3373 1627 3403 Eum
1643 3374 1743 3411 igitur,
1761 3382 1829 3402 cum
1849 3372 1882 3403 sit
1898 3381 1931 3402 ex
1948 3372 2064 3403 Familia
2073 3373 2311 3409 Reverendjsfimj

1249 3416 1456 3452 chariffimique
1478 3411 1689 3448 Consanguinei
1714 3410 1804 3441 nostri
1820 3410 1943 3440 Domini
1962 3410 2116 3442 Cardinalis
2130 3412 2211 3453 poli,
2225 3425 2312 3447 cum-

1247 3466 1303 3494 que
1322 3456 1349 3486 ei
1366 3453 1446 3484 valde
1464 3453 1562 3482 charus
1582 3448 1679 3480 existat
1692 3473 1700 3487 ,
1720 3458 1818 3487 rogatu
1837 3449 1906 3478 illius
1921 3471 1930 3485 ,
1944 3450 1990 3478 cui
2005 3451 2087 3480 unice
2103 3451 2248 3492 favemus,
2272 3456 2308 3486 η.

1247 3496 1346 3525 benter
1364 3491 1519 3523 satisfacere
1537 3490 1685 3527 cupimus,
1708 3488 1741 3518 &
1763 3486 1870 3530 Vestrae
1891 3486 2033 3524 Maiestati
2054 3493 2306 3532 commendamus-

1246 3534 1371 3564 Petimus
1384 3532 1495 3568 itaque,
1504 3537 1535 3559 ut
1548 3536 1682 3566 quatenus
1695 3534 1811 3563 aequltas
1823 3524 1962 3563 postulat,
1977 3527 2105 3569 praesidio
2121 3529 2307 3562 Authorjtatjs

1246 3574 1279 3603 &
1298 3572 1394 3610 gratiae
1414 3568 1522 3599 Vestrae
1540 3564 1693 3603 Majestatis
1718 3565 1758 3593 uti
1781 3571 1880 3601 queat,
1897 3563 1932 3592 ad
1944 3565 2138 3606 *obunendum
2154 3568 2200 3605 jus
2220 3569 2304 3600 suum

1246 3611 1276 3640 in
1295 3611 1351 3640 hac
1373 3607 1461 3639 causa.
1499 3606 1577 3673 Qiae
1599 3612 1640 3633 res
1658 3603 1694 3632 ita
1718 3610 1795 3640 grata
1816 3602 1886 3631 mihi
1910 3609 1987 3644 erit,
2012 3611 2059 3641 ut,
2087 3604 2106 3634 fi
2125 3606 2239 3643 quando
2254 3617 2306 3646 par

1244 3648 1439 3687 opportunitas
1459 3646 1529 3684 grati
1550 3641 1632 3673 candi
1651 3640 1768 3678 cuique,
1785 3638 1893 3683 Vestrae
1912 3638 2069 3683 Maiestatis
2085 3647 2303 3680 fogatufflobis

1243 3689 1337 3718 oblata
1355 3685 1454 3720 fuerit,
1476 3680 1654 3713 consimilem
1676 3678 1881 3707 benevolentiae
1901 3687 2042 3709 rationem
2060 3683 2192 3719 prompte
2207 3682 2299 3714 liben-

1242 3735 1339 3765 terque
1351 3724 1532 3755 declaraturae
1549 3718 1643 3749 simuS.
1682 3715 1780 3754 Deus,
1795 3717 1857 3747 &c.
1878 3725 1926 3754 27.
1941 3716 2064 3754 januarii
2083 3727 2164 3757 1555.
2184 3719 2299 3759 Greenf

1242 3774 1310 3797 vici.

1575 3829 1682 3863 Vestrae
1699 3829 1861 3863 Serenitatis
1881 3831 2098 3871 Consanguinea
2115 3833 2150 3864 &
2172 3834 2260 3868 Soror

2009 3880 2046 3912 M
2055 3891 2074 3911 A
2084 3890 2108 3912 R
2118 3891 2129 3913 1
2139 3892 2170 3913 Α.

2244 4119 2307 4153 1204
