2561 4263
12 424 62 451 No.
78 430 125 458 24.

9 858 61 885 No.
84 863 127 892 ²3·

13 1324 64 1350 No.
80 1320 137 1347 υἱ

16 1748 67 1773 No.
85 1753 129 1771 21.

22 2173 72 2198 No.
90 2176 136 2197 20.

24 2558 73 2584 No.
96 2563 139 2591 ¹9·
162 2575 168 2583 .

32 2983 83 3009 No.
100 2978 142 3006 18.

42 3404 90 3430 No.
107 3411 150 3431 ττ-

41 3441 153 3468 «XIX.

44 3793 104 3815 Pit.
118 3790 161 3815 ιιζ

44 3832 107 3853 (lar.
123 3836 147 3853 ι.

44 3872 69 3899 f.
93 3873 136 3892 ιι.

142 103 192 154 78
579 92 1229 140 CONVENTION

193 265 280 296 Teste
295 265 378 304 Rege
392 263 465 303 apud
481 263 628 302 Canbury,
643 263 778 294 vicesimo
797 262 916 301 septimo
929 258 976 289 die
995 255 1082 296 Julii.

633 341 695 370 'Per
712 343 807 369 Breve
827 338 859 368 de
874 340 996 367 Privato
1009 332 1110 371 Sigillo.

197 419 313 450 Thomas
331 417 494 458 IVarnstry,
515 417 551 446 A.
572 411 619 446 M.
637 416 721 446 habet
734 413 893 446 consimiles
909 413 1016 443 Literas
1027 409 1158 439 Patentes
1176 406 1213 436 de

160 459 366 495 presentitione
382 457 417 486 ad
433 452 601 486 Rec‘toriam
624 454 752 485 Ecclefie
773 451 938 493 parochialis
963 450 999 479 de
1025 444 1216 482 Whitchurch,

159 498 290 527 Diocesis
307 495 461 532 ll'igornie,
477 495 533 530 jam
545 494 681 532 legittime
699 493 731 523 δε
748 492 783 522 de
795 492 860 530 jure
874 496 1043 524 vacantem,
1061 487 1095 517 &
1111 484 1145 528 ad
1161 492 1215 513 no-

159 547 221 566 ram
235 535 468 573 presentationem
484 532 540 561 sive
555 541 605 569 per
621 531 743 568 Lapsum
760 528 897 565 temporis
912 527 969 557 sive
986 535 1033 563 per
1046 530 1216 565 praVitatetn

159 575 289 605 Simonie
304 582 357 601 slve
370 572 463 607 aliquo
477 571 530 599 alio
548 579 720 607 quocunque
738 567 846 604 modo,
861 568 923 604 jure
947 565 993 597 vel
1013 563 1097 594 titulo
1116 561 1214 600 legali,

160 623 215 650 pro
229 613 283 642 hac
298 612 361 641 vice
379 608 569 646 speeiaiitemg
588 608 625 638 Et
640 608 796 646 diriguntur
821 606 856 635 lie
878 604 972 635 Litere
992 599 1165 632 Reverendo
1184 600 1215 630 in

161 650 282 681 Christo
298 649 373 677 Patri
387 656 418 676 ac
436 646 570 676 Domino
585 644 729 683 Johanni‚
748 645 891 680 Wigornie
905 641 1058 680 Episcopo.

199 687 287 720 Teste
312 686 398 723 Rege
421 683 494 722 apud
514 683 792 722 westmonasterium,
808 681 945 713 vicesimo
959 681 1006 710 die
1019 676 1188 716 Septembris.

647 762 700 791 Per
713 762 807 790 Breve
821 758 853 789 de
868 760 990 789 Privato
1005 754 1104 794 Sigillo.

195 840 344 872 Gualterus
358 835 488 875 Raleigh,
509 836 544 868 A.
561 835 606 867 M.
623 837 710 868 habet
724 835 885 868 consimiles
900 834 1007 865 Literas
1023 832 1156 864 Parentes
1178 829 1215 859 de

158 880 360 920 presentatione
383 877 417 907 ad
435 877 604 907 Reeioriam
625 877 659 908 ὃς
677 875 833 906 Ecclesiam
856 873 1048 912 parochialem
1068 871 1104 900 de
1126 873 1218 899 Street

162 928 289 950 unacum
309 916 424 955 Capella
438 915 473 945 de
496 915 608 944 Walton
626 914 719 945 eidem
735 923 840 944 annexa
851 935 861 950 ‚
879 911 1011 943 Diocesis
1028 906 1221 946 Bathonienfis

158 957 197 992 ὠ»
213 955 365 993 Wllenfis,
384 964 432 992 per
449 953 572 991 Lapsum
595 953 733 990 temporis
752 962 799 983 aut
821 961 870 990 per
893 951 1060 990 pravitatem
1083 946 1215 977 Simonie

157 1004 205 1027 aut
218 995 272 1025 alio
285 1002 458 1031 quocunque
473 993 562 1022 modo
573 992 636 1030 jam
652 999 818 1027 vacantem,
835 990 868 1020 &
885 989 920 1020 ad
936 987 1061 1018 nostram
1075 985 1216 1024 presenta-

158 1037 267 1065 tionem
284 1043 337 1070 pro
351 1032 403 1061 hac
415 1031 480 1061 vice
493 1030 682 1068 spectantem,
702 1029 740 1060 Et
758 1030 917 1067 diriguntur
938 1027 977 1057 he
1000 1026 1095 1056 Litere
1119 1022 1218 1053 Reve-

158 1069 429 1141 rlendoFin'sChristo
443 1069 517 1100 Patri
525 1079 559 1100 ac
569 1069 705 1100 Domino
716 1067 866 1099 Willielmo
874 1089 884 1104 ,
903 1063 1087 1104 Bathonienfi
1093 1060 1131 1097 <5¹70
1142 1059 1217 1092 Wel-

175 1121 229 1140 ent
261 1132 269 1139 .
292 1119 399 1146 icopo.

229 1119 290 1180 estg
303 1147 386 1188 Rege
403 1147 478 1186 apud
496 1145 773 1187 westmonasterium,
791 1145 911 1186 septimo
929 1143 975 1174 die
996 1141 1147 1174 ombria?

644 1218 699 1254 Per
716 1225 810 1254 Breve
826 1224 858 1254 de
876 1222 995 1252 Privato
1013 1218 1115 1258 sigillo.

199 1305 339 1345 Jeremias
347 1303 435 1343 Vafin‚
446 1302 585 1340 Clericus,
596 1302 631 1332 A.
643 1301 689 1331 M.
705 1302 791 1332 habet
807 1299 1048 1331 LiterasPatentes
1063 1291 1222 1337 consimiles

163 1345 200 1376 de
215 1344 418 1384 presentatione
433 1342 467 1375 ad
476 1341 646 1371 Rectoriam
660 1339 788 1371 Ecclefie
801 1338 964 1379 parochialis
981 1336 1016 1366 de
1030 1332 1174 1365 Skirkbeck
1192 1340 1221 1360 in

165 1382 358 1414 Comitatu&
374 1380 490 1410 Diocefi
506 1378 659 1416 Lincolnie,
673 1379 734 1417 jam
755 1388 805 1418 per
820 1379 985 1416 pravitatem
999 1373 1145 1410 Simonie,
1163 1370 1221 1401 five

163 1433 212 1462 per
231 1421 354 1459 Lapsuni
370 1419 506 1456 temporis
516 1418 572 1448 sive
585 1418 680 1455 aliquo
693 1417 747 1448 alio
760 1425 934 1454 quocunque
951 1413 1042 1444 modo
1056 1418 1220 1453 vacantem,

166 1463 199 1494 ὃς
218 1461 252 1490 ad
269 1459 393 1490 nostram
414 1457 646 1494 presentationem
657 1465 713 1494 pro
725 1456 778 1486 hac
800 1457 866 1487 vice
881 1453 1074 1492 spe&antem;
1092 1449 1130 1480 Et
1153 1448 1222 1478 diri-

164 1508 269 1539 guntur
283 1499 319 1527 he
334 1497 427 1526 Litere
444 1495 616 1526 Reverendo
631 1495 661 1525 in
679 1493 799 1526 Christo
814 1493 891 1524 Patri
905 1502 939 1523 ac
955 1490 1092 1522 Domino
1105 1486 1221 1528 Johan-

168 1542 198 1569 ni
217 1536 360 1566 Lincolni'e
376 1534 529 1572 Episcopo.

202 1576 292 1607 Teste
312 1574 395 1612 Rege
414 1575 486 1613 apud
504 1571 773 1612 westmonasterium,
791 1571 912 1610 septimo
927 1569 973 1601 die
987 1566 1120 1599 oaobris.

644 1652 697 1680 Per
715 1651 808 1680 Breve
824 1649 857 1679 de
875 1650 996 1679 Privato
1013 1643 1111 1683 Sigillo-

204 1730 334 1762 Ricardus
347 1725 442 1758 Cleare
453 1750 462 1765 ,
481 1725 628 1765 Clericus,
648 1726 684 1758 A.
701 1725 747 1758 M.
763 1727 850 1758 habet
868 1724 1029 1757 consimiles
1045 1722 1155 1753 Literas
1168 1718 1224 1752 Pa-

166 1780 253 1802 temes
267 1771 301 1801 de
318 1767 518 1805 presentatione
529 1767 563 1797 ad
579 1766 743 1796 Re&01·iam
761 1766 793 1796 δε
809 1765 965 1795 Ecclesiam
980 1760 1173 1802 parochialem
1188 1758 1226 1789 de

165 1814 276 1842 Hsnton
288 1803 469 1847 [Valdriglhiii
483 1803 633 1836 Comitatu
643 1804 741 1835 nostro
758 1805 866 1841 Berks,
886 1802 1017 1834 Diocesis
1032 1804 1148 1837 Sarum,
1166 1798 1224 1836 iam

166 1861 216 1890 per
231 1847 394 1888 pravitatem
410 1843 541 1874 Simonie
559 1843 616 1874 sive
631 1853 679 1881 per
695 1842 820 1880 Lapsum
837 1843 975 1879 temporis
998 1840 1055 1870 five
1073 1838 1129 1869 alio
1151 1846 1225 1876 quo-

166 1897 280 1925 cunque
300 1882 390 1913 modo
405 1881 440 1910 de
456 1882 514 1916 iure
536 1890 705 1920 vacantem,
725 1883 758 1913 ὅ(
781 1881 816 1912 ad
833 1880 960 1912 nostram
983 1877 1224 1917 presentationem

165 1938 219 1966 pro
234 1928 289 1956 hac
305 1923 372 1951 vice
386 1919 578 1958 spectantem,
597 1920 634 1951 Et
652 1921 811 1958 diriguntur
826 1920 865 1950 he
887 1919 982 1950 Litere
1002 1914 1176 1949 Reverendo
1193 1915 1222 1945 in

171 1964 289 1998 Christo
302 1960 380 1991 Patri
397 1968 430 1988 ac
445 1958 578 1988 Domino
592 1958 740 1998 Johanni‚
758 1962 857 1989 Sarum
873 1957 1033 1996 Episcopo.

205 2002 295 2035 Teste
310 1999 393 2036 Rege
408 1996 481 2035 apud
498 1997 772 2037 Weftmonallerium‚
789 1996 906 2028 decimo
919 1996 966 2027 die
979 1993 1156 2026 Novembris.

639 2078 694 2106 Per
711 2078 807 2107 Breve
822 2075 855 2106 de
874 2076 995 2106 Privato
1014 2070 1118 2111 sigillo.

205 2159 338 2191 Ricardus
353 2157 447 2197 Raby,
469 2155 613 2193 Clericus,
631 2154 717 2186 habet
738 2153 896 2185 consimiles
919 2152 1026 2184 Literas
1042 2149 1172 2181 Patentes
1191 2145 1226 2176 de

171 2199 374 2238 presentatione
392 2198 426 2227 ad
446 2195 609 2226 Refioriam
631 2194 665 2224 &
691 2193 847 2224 Ecclesiam
867 2191 1062 2230 parochialem
1081 2187 1117 2218 de
1141 2181 1227 2229 Much

172 2237 353 2275 Hallingbury
372 2237 401 2266 in
422 2234 571 2264 Comitatu
592 2231 692 2263 nostro
712 2231 839 2300 Effxie,
859 2230 990 2261 Diocesis
1013 2226 1150 2262 Lonidon2
1163 2232 1224 2262 Jam

171 2287 220 2314 per
232 2276 391 2306 Simoniam
408 2281 574 2310 vacantem,
594 2272 627 2302 ὃς
642 2271 677 2301 ad
693 2272 746 2300 nos
763 2280 820 2300 ram
841 2269 1077 2308 presentationem
1097 2264 1226 2307 speffitan-

172 2324 296 2351 tantem,
316 2313 353 2343 Et
367 2313 521 2350 diriguntur
532 2310 570 2341 he
586 2310 680 2339 Litere
702 2309 875 2339 Reverendo
895 2310 925 2338 in
950 2305 1069 2339 Christo
1092 2303 1172 2335 Patri
1189 2309 1223 2332 ac

172 2353 306 2384 Domino
328 2350 477 2388 Gulielmo,
494 2347 615 2379 London
631 2346 785 2386 Episcopo.

205 2391 294 2423 Teste
312 2389 397 2428 Rege
411 2387 484 2427 apud
500 2386 755 2427 Weslmonasterium
769 2410 779 2424 ,
798 2385 920 2424 septimo
939 2384 985 2415 die
1004 2382 1166 2413 Decembris.

656 2466 711 2494 Per
729 2466 823 2495 Breve
841 2462 874 2493 de
888 2464 1012 2493 Privato
1028 2459 1128 2498 Sigillo.

212 2546 355 2586 Johannes
375 2543 452 2582 Hill,
477 2543 627 2580 Clericus,
646 2541 684 2572 A.
703 2540 750 2570 M.
769 2541 856 2571 habet
872 2537 1035 2571 consimiles
1051 2537 1160 2568 Literas
1176 2534 1231 2566 Pa-

173 2595 262 2617 tentes
283 2585 316 2614 de
341 2584 540 2621 presentatione
563 2582 597 2613 ad
622 2580 795 2610 Redioriam
813 2580 846 2611 &
860 2577 1017 2609 Ecclesiam
1031 2575 1230 2607 Parochialem

170 2626 206 2655 de
228 2623 384 2660 Hola'enby,
402 2623 431 2651 in
444 2621 594 2651 Comitatu
611 2619 710 2650 nostro
724 2617 976 2656 Northamptonie,
994 2614 1124 2646 Diocesis
1138 2616 1229 2644 Petri-

169 2662 319 2700 burgenfis,
328 2661 390 2699 jam
406 2669 455 2697 per
477 2667 603 2689 mortem
616 2656 770 2688 naturalem
788 2656 880 2687 ultimi
896 2654 1092 2685 Incumbentis
1105 2652 1228 2691 ejusdem

172 2709 319 2731 vacantem
331 2721 339 2736 ,
355 2700 388 2729 δε
410 2698 444 2727 ad
467 2696 595 2727 nostram
609 2695 846 2732 presentationem
863 2692 948 2731 pleno
958 2693 1022 2730 jure
1035 2692 1229 2731 spedtantcm3

173 2739 212 2769 Et
233 2739 389 2776 diriguntur
410 2736 448 2765 he
468 2735 561 2765 Litere
585 2733 760 2764 Reverendo
774 2733 804 2763 in
820 2731 942 2762 Christo
958 2731 1081 2761 Patriae
1095 2730 1232 2761 Domino

177 2778 314 2808 Domino
328 2774 487 2812 Francifio,
506 2770 706 2809 Petriburgenfi
721 2770 875 2809 Episcopo.

211 2814 301 2846 Teste
316 2813 397 2853 Rege
412 2812 485 2851 apud
501 2808 762 2850 Wstmonasterium
770 2831 780 2847 ,
797 2808 915 2839 decimo
927 2807 973 2839 die
988 2806 1152 2837 Decembris.

602 2888 656 2917 Per
671 2889 764 2916 Breve
779 2885 811 2916 de
830 2887 952 2916 Privato
967 2883 1067 2922 Sigillo.

213 2969 352 3000 lValterus
365 2964 559 3005 Hungerford,
577 2963 728 3003 Clericus,
748 2963 786 2994 A.
806 2962 852 2993 M.
871 2963 959 2993 habet
976 2960 1135 2992 consimiles
1154 2959 1234 2991 Lite-

180 3019 221 3039 ras
242 3008 373 3039 Parentes
395 3006 431 3036 de
453 3004 654 3043 presentatione
673 3003 708 3033 ad
730 3001 897 3032 Recioriam
920 3002 953 3031 &
976 2999 1135 3031 Ecclesiam
1149 3008 1235 3037 paro-

181 3048 301 3078 chialem
323 3046 358 3076 de
380 3048 449 3078 Veny
462 3047 564 3073 Sutton
577 3043 608 3072 iri
623 3040 772 3072 Comitatu
786 3039 886 3070 nostro
902 3037 1023 3076 Wiltes,
1042 3038 1170 3069 Diocesis
1182 3041 1234 3067 Sa-

182 3097 258 3122 rum,
278 3095 326 3122 per
343 3085 508 3121 pravitatem
523 3081 651 3111 Simonie
662 3080 723 3118 jam
738 3079 879 3116 legittime
892 3079 926 3109 ὃ(
942 3078 1051 3115 ἀεήιιῐε
1065 3085 1234 3114 vacantem,

179 3124 213 3154 ὅ(
236 3125 268 3152 ad
292 3123 414 3152 nostram
440 3119 676 3160 presentationem
696 3119 803 3148 ratione
822 3117 948 3154 medidie
965 3115 1095 3146 Simonie
1111 3125 1163 3154 pro
1177 3116 1233 3146 hac

177 3163 242 3191 vice
263 3161 451 3197 speciantem3
468 3159 506 3188 Et
528 3157 687 3194 diriguntur
707 3156 744 3186 he
767 3156 862 3186 Litere
875 3154 1049 3187 Reverendo
1062 3155 1091 3183 in
1110 3154 1232 3185 Christo

180 3200 256 3230 Patri
268 3198 411 3236 Johanni,
426 3202 526 3227 Sarum
539 3195 695 3233 Episcopo.

216 3237 304 3267 Teste
321 3236 400 3275 Rege
421 3235 495 3275 apud
516 3232 785 3273 Weslmonasterium,
802 3231 919 3263 decimo
942 3238 1043 3270 quarto
1057 3230 1103 3261 die
1119 3233 1230 3260 Decem-

182 3276 244 3306 bm'
618 3312 671 3340 Per
687 3313 781 3340 Breve
794 3309 827 3339 a'e
840 3310 958 3339 Privato
976 3307 1076 3345 sigillo.

221 3389 342 3428 Jacobus
365 3389 495 3430 Wirring
510 3412 520 3427 ,
546 3389 697 3425 Clericus,
724 3387 760 3418 A.
782 3385 829 3416 M.
847 3386 931 3416 habet
950 3385 1110 3416 consimiles
1132 3384 1238 3416 Literas

187 3430 316 3459 Parentes
326 3427 362 3457 de
380 3426 399 3445 *
417 3429 617 3463 presentatione
632 3428 666 3457 ad
682 3426 852 3456 Rectoriam
867 3425 900 3455 &
916 3424 1073 3454 Ecclesiam
1085 3426 1238 3461 parochia-

187 3470 246 3497 lem
264 3468 299 3496 de
313 3463 500 3503 Aslprinton,
518 3465 646 3496 Diocesis
661 3467 788 3502 Exonie,
802 3464 860 3501 jam
877 3472 926 3500 per
942 3461 1101 3493 Simoniam
1117 3463 1173 3492 five
1188 3473 1237 3501 per

185 3506 289 3543 lapsum
310 3503 447 3545 temporis
465 3503 510 3532 seu
532 3504 585 3533 alio
608 3512 782 3541 quocunque
799 3501 889 3532 modo
901 3509 1067 3538 vacantem,
1085 3501 1119 3531 &
1133 3502 1167 3531 ad
1183 3511 1237 3531 no-

187 3546 271 3574 stram
294 3542 530 3579 presentationem
545 3541 735 3579 spedtanteni3
755 3540 791 3570 Et
806 3541 962 3578 diriguntur
977 3539 1014 3568 he
1031 3539 1124 3570 Litere
1140 3539 1238 3570 Reve-

188 3582 278 3613 rendo
296 3582 324 3610 iri
337 3578 456 3609 Christo
471 3578 547 3608 Patri
562 3590 594 3608 ac
611 3579 744 3609 Domino
757 3577 894 3618 Jofipho,
912 3579 1019 3606 Exonie
1031 3577 1183 3616 Episcopo.

186 3659 201 3689 b
223 3619 313 3665 Teste
334 3618 418 3655 Rege
437 3616 509 3656 apud
528 3617 800 3656 lVellmonallerium,
817 3617 918 3656 quinto
937 3615 1054 3646 decimo
1068 3616 1114 3648 die
1126 3619 1239 3647 Decem-

203 3669 249 3688 ΥΠ.

632 3695 686 3722 Par
704 3697 796 3723 Breve
813 3694 846 3723 de
865 3695 984 3723 Privato
1000 3692 1098 3730 Sigillo.

195 3772 336 3830 REX,
354 3772 416 3815 &c
451 3769 625 3802 Reverendo
646 3770 675 3799 in
702 3768 821 3813 Christo
842 3769 919 3801 Patri
944 3769 1078 3801 Domino
1093 3771 1241 3812 Johanm',

274 3812 452 3849 permissione
471 3810 564 3839 divina
582 3812 679 3838 Sarum
693 3807 854 3845 Episcopo,
872 3809 961 3845 ejusve
975 3810 1002 3838 iti
1017 3809 1140 3841 absentia
1159 3811 1245 3841 Vica-

191 3852 232 3879 rio
248 3852 277 3881 in
291 3849 470 3889 spiritualibus
483 3847 614 3885 generali,
632 3847 689 3877 sive
704 3846 749 3877 alii
764 3849 925 3885 cuicunque
937 3848 966 3877 in
982 3847 1037 3877 hac
1051 3857 1126 3885 parte
1139 3850 1243 3880 autho-

189 3890 301 3919 ritatem
317 3888 447 3923 habenti,
466 3886 599 3916 Salutem.

221 3928 265 3956 Ad
283 3926 449 3957 Redioriam
465 3924 501 3954 de
513 3924 621 3961 Tuhncy
638 3922 727 3954 vestre
742 3922 871 3953 Diocesis
884 3933 932 3961 per
947 3933 1069 3955 mortem
1085 3925 1177 3956 ultimi
1194 3925 1242 3957 In—

187 3965 348 3995 cumbentis
367 3964 471 3993 ibidem
487 3963 547 4000 jam
569 3970 734 3999 vacantem,
751 3962 784 3991 &
807 3962 841 3991 ad
865 3961 988 3991 nostram
1013 3964 1245 4000 presentationem

190 4006 275 4041 pleno
288 4004 350 4042 jure
362 4002 552 4041 spe&antem3
570 4000 720 4032 Dilcetum
733 3998 835 4031 Nobis
848 4000 877 4030 iii
892 3999 1012 4031 Christo
1023 4002 1169 4035 Robertum
1177 4006 1245 4036 An-

1258 91 1377 141 Es,
1463 90 1858 148 LtTERAE‚

9 182 140 251 Ani6i.D.
151 197 229 223 term
248 185 285 229 Et
304 185 460 232 diriguntur
471 186 508 217 he
523 185 622 230 Litere
638 182 812 216 Reverendo
826 182 855 212 in
872 181 992 213 Christo
1004 180 1082 212 Patri
1096 179 1206 211 Domi-
1245 179 1340 208 trobus
1355 177 1503 211 Clericum
1519 181 1549 210 in
1565 179 1681 211 Artibus
1697 180 1891 219 Magistrum,
1910 178 2006 212 Vobis
2024 150 2228 220 pres'etitamus·
2250 183 2316 217 Ro:
2333 179 2468 220 Anfi,D3

12 233 65 290 Αἰ·
80 231 125 288 ᾗ·
155 237 196 257 no
209 225 345 264 Joscpho‚
365 228 473 254 Exome
492 225 648 263 Episcopo.
2221 208 2231 224 ’

9 305 74 329 Car.
98 308 122 327 ι.

1254 225 1349 262 gantes
1363 218 1396 248 ὃς
1410 219 1595 257 requirentes,
1614 228 1749 256 quatenus
1765 218 1889 249 eundem
1902 219 2065 257 Johannem
2081 222 2204 262 Howfim
2211 224 2247 254 ad
2255 222 2316 255 Re·
2353 222 2440 262 1635-

1255 257 1377 300 §soriam
1394 256 1431 286 de
1443 256 1552 300 prney
1567 258 1693 295 predicta
1701 256 1858 294 admittere,
1875 258 2025 296 ipsumque
2033 259 2190 292 Rectorem
2204 262 2314 293 ibidem
2332 262 2384 287 An·
2406 264 2451 290 ¹14

1257 293 1400 339 iristituere
1417 296 1450 338 ὃς
1462 296 1603 333 investire,
1618 305 1689 326 cum
1703 296 1838 325 omnibus
1852 295 1903 325 suis
1913 297 2033 334 juribus,
2049 300 2187 330 membris
2201 301 2235 333 &
2249 310 2315 338 per-
2337 300 2400 327 Car.
2421 306 2448 328 ¹·

1257 340 1381 363 tinentiis
1399 333 1547 377 universis:
1570 342 1718 371 ceteraque
1731 335 1828 363 omnia
1845 334 1877 363 &
1894 334 2000 373 singula
2016 336 2107 367 facere
2123 338 2157 369 &
2169 347 2300 378 peragere
2386 333 2401 345 ⁵

1255 380 1313 437 *flue
1333 371 1428 402 vestro
1443 381 1471 401 in
1489 372 1544 403 hac
1560 380 1637 410 parte
1652 372 1827 403 incumbunt
1845 370 1958 403 Officio
1973 372 2122 414 pastorali,
2140 377 2231 409 velitis
2247 362 2316 410 cuir}

1268 418 1362 439 avore.

1295 448 1329 476 In
1349 447 1430 484 cujus
1447 447 1502 484 rei,
1522 447 1584 478 &c-

1293 522 1384 553 Tcste
1399 522 1483 562 Rege
1498 523 1572 563 apud
1588 523 1845 565 Wstmonasterium
1854 549 1864 565 ,
1883 527 1967 558 tertio
1979 526 2026 559 die
2039 529 2159 569 Aprilis.

1497 602 1551 630 Per
1569 602 1718 631 Dominum
1732 602 1868 640 custodem
1883 607 1985 643 Magni
2001 604 2088 643 Sigilli
2098 605 2213 645 Anglie]

1230 700 1232 702 v
1261 681 1414 723 consimiles
1434 683 1549 712 Literas
1571 681 1704 716 Patentes
1728 680 1834 712 habent
1849 683 1963 722 Persbne
1973 684 2124 725 fieb-scripte
2144 686 2184 722 &
2197 687 2230 718 de
2245 688 2318 719 datis

1576 722 1661 749 etiam
1673 720 1845 759 fiaebscrtptis3
1863 722 1999 755 videlicet.

1298 799 1433 828 Henricus
1452 799 1564 838 Bryan,
1582 796 1728 834 Clericus,
1746 797 1782 828 A.
1804 797 1849 828 Μ.
1865 799 1951 830 habet
1965 801 2126 834 consimiles
2141 803 2250 835 Literas
2264 803 2319 835 Pa-
2338 807 2393 839 No.
2414 808 2440 844 3}

1254 844 1352 867 -tentes
1363 837 1398 867 de
1414 835 1619 873 presentatione
1630 836 1664 866 ad
1680 835 1820 866 Vicariam
1832 836 1870 866 de
1884 839 2046 875 Harwood,
2055 839 2185 872 Diocesis
2202 844 2320 881 Exonie,

1256 875 1318 914 jam
1339 875 1481 912 legittime
1495 876 1527 905 ὃ(
1541 873 1647 918 dejure
1661 882 1808 917 vacantem
1821 898 1830 912 ,
1849 875 1882 906 &
1895 876 1930 906 ad
1944 876 2069 906 nostram
2085 880 2319 914 presentationem

1262 923 1312 950 per
1325 913 1431 951 lapsum
1445 921 1584 950 temporis
1597 913 1652 957 liae
1666 922 1731 956 vrce
1745 912 1931 952 spediantem3
1951 914 1989 945 Et
2004 915 2161 953 diriguntur
2175 919 2210 949 he
2226 919 2320 951 Litere

1260 950 1588 1028 {ssigffiQRWoeHdO
1606 961 1636 981 in
1659 950 1779 981 Christo
1804 951 1881 984 Patri
1899 951 2035 984 Domino
2055 953 2194 994 Jofi’pho,
2211 959 2321 990 Exonie

1257 1028 1386 1098 &Teste
1407 1029 1490 1069 Rege
1509 1028 1583 1068 apud
1603 1028 1881 1069 Wellmonasterium‚
1901 1031 2004 1069 quinto
2025 1031 2146 1063 decimo
2167 1033 2215 1064 die
2235 1035 2326 1071 Aps-1⁸2

1302 1144 1469 1176 Willielmus
1489 1146 1612 1187 Grace„
1625 1141 1771 1181 Clericus,
1785 1144 1834 1188 Ἀ,
1853 1145 1900 1175 Μ.
1920 1145 2006 1178 habet
2027 1147 2191 1180 consimiles
2214 1149 2323 1182 Literas
2340 1163 2371 1191 Ν
2418 1163 2434 1177 τ

1262 1183 1394 1215 Parentes
1413 1184 1448 1214 de
1471 1184 1672 1221 presentatione
1695 1182 1730 1212 ad
1753 1182 1898 1214 Vicariatn
1911 1183 1947 1216 de
1962 1185 2108 1226 Shenston,
2124 1186 2256 1219 Diocesis
2270 1193 2324 1218 Co·
2367 1171 2389 1190 θ’
2408 1171 2434 1196 ¹⁵

1263 1220 1425 1266 :ventrienfis
1449 1220 1487 1256 &
1510 1219 1660 1262 Lichenfis,
1678 1229 1729 1256 per
1749 1229 1874 1252 mortem
1896 1223 1989 1254 ultimi
2002 1223 2201 1257 Incumbentis
2212 1226 2321 1258 ibidem

1258 1271 1319 1299 Jam
1334 1268 1485 1305 vacante-m
1495 1283 1505 1299 ,
1523 1261 1556 1292 δε
1577 1260 1613 1291 ad
1627 1258 1752 1289 nostram
1764 1260 2003 1300 presentotionem
2021 1263 2106 1299 pleno
2117 1264 2182 1301 jure
2195 1264 2324 1304 specstan-

1259 1308 1339 1369 ῐῧηέ
1360 1299 1584 1377 JtEdipguntur
1609 1298 1647 1329 he
1667 1296 1762 1329 Litere
1783 1297 1920 1330 Domino
1942 1299 2058 1331 Roberto
2079 1303 2267 1342 coventrienfi
2283 1303 2322 1340 (ῥα

1302 1351 1313 1368 c
1335 1349 1387 1367 eni
1430 1347 1458 1375 pi
1470 1347 1555 1376 copo.
2318 1336 2324 1342 ⁴

1297 1377 1386 1409 Teste
1403 1375 1486 1416 Rege
1503 1386 1534 1408 ut
1551 1376 1641 1415 supra.

1300 1453 1450 1494 Johannes
1471 1454 1595 1498 Shipfty,
1608 1452 1763 1498 *Clericum
1781 1453 1811 1484 S.
1830 1454 1870 1499 T.
1890 1455 1923 1486 P.
1942 1455 2029 1487 habet
2045 1454 2208 1489 consimiles
2224 1457 2329 1491 Literas
2345 1466 2394 1497 No⁴
2407 1469 2439 1503 ,ρ

1261 1493 1398 1538 Patentes
1416 1493 1452 1524 de
1467 1498 1672 1533 presentatione
1686 1493 1720 1523 ad
1735 1492 1905 1524 Rectonam
1918 1493 1955 1525 de
1968 1494 2094 1533 Alfora',
2111 1495 2239 1527 Diocesis
2253 1500 2329 1528 Win-
2388 1488 2395 1495 ’
2427 1487 2438 1502 ¹

1263 1536 1355 1577 τᾳηὶε,
1368 1541 1430 1570 Jam
1445 1532 1585 1576 legittime
1599 1533 1632 1563 &
1646 1531 1681 1561 de
1691 1533 1755 1569 jure
1767 1540 1934 1570 vacantem,
1952 1533 1986 1563 &
1997 1533 2032 1564 ad
2048 1533 2176 1564 nostram
2189 1536 2329 1572 presenta-

1264 1580 1379 1603 tionem
1400 1571 1456 1602 five
1468 1578 1577 1601 ratione
1590 1577 1725 1601 terrarum
1738 1569 1771 1600 ὃς
1782 1577 2014 1602 tenementorum
2029 1571 2167 1602 Willielmi
2179 1573 2250 1604 Holt
2263 1574 2328 1606 Ge-

1263 1609 1358 1653 nerosi
1379 1610 1410 1639 in
1432 1610 1564 1640 manibus
1586 1607 1689 1638 nostris
1708 1607 1906 1646 existentium,
1923 1608 1979 1640 sive
1998 1618 2051 1648 pro
2065 1611 2178 1642 defectu
2216 1613 2329 1644 rosecu-

1263 1650 1350 1680 tionis
1368 1648 1542 1679 liberationis
1565 1646 1683 1686 prediCki
1703 1645 1844 1676 Willielmi
1865 1646 1938 1677 Holt
1960 1646 2078 1679 Patroni
2093 1649 2170 1680 dicte
2211 1651 2311 1682 eclesie

1264 1688 1323 1718 five
1344 1696 1394 1725 per
1411 1686 1517 1725 lapsum
1535 1686 1688 1729 temporis,
1707 1684 1764 1715 sive
1779 1694 1828 1722 per
1843 1687 2011 1723 pravitatem
2029 1686 2177 1726 Simonie,
2197 1688 2249 1719 liae
2263 1675 2329 1721 vice

1264 1726 1456 1763 spectantem,
1491 1724 1529 1755 Et
1548 1724 1704 1763 diriguntur
1717 1723 1755 1753 he
1768 1722 1864 1755 Litere
1878 1723 2010 1756 Patentes
2023 1724 2162 1756 Domino
2177 1727 2311 1757 Gualtero

1266 1767 1413 1796 Wintonie
1426 1763 1583 1802 Episcopo.
2314 1751 2327 1766 ²

1303 1803 1392 1835 Teste
1407 1801 1490 1842 Rege
1503 1802 1577 1840 apud
1592 1799 1874 1841 Wlemonasterium,
1890 1801 2006 1833 decimo
2020 1811 2102 1834 nono
2116 1803 2162 1835 die
2173 1803 2292 1843 Aprilis.

1304 1879 1467 1912 Nathaniel
1485 1880 1555 1910 Coke
1565 1901 1581 1924 ,.
1590 1877 1735 1916 Clericus,
1753 1878 1789 1910 A.
1810 1878 1859 1923 M.
1875 1879 1962 1910 habet
1979 1879 2139 1926 confimi'les
2153 1879 2260 1926 Literas
2273 1881 2329 1912 Pa-'
2345 1896 2397 1925 mg
2429 1899 2438 1914 η

1265 1927 1358 1951 tentes
1378 1919 1414 1951 de
1437 1919 1640 1957 presentatione
1657 1918 1693 1948 ad
1706 1918 1876 1949 Recioriam
1892 1919 1929 1949 de
1943 1920 2055 1950 PVotton
2069 1922 2231 1958 Fitzpame,
2250 1919 2329 1951 Dio·
2406 1904 2437 1933 ἢ

1245 1959 1249 1963 ’
1266 1959 1336 1990 cesis
1355 1957 1484 2003 Bristoll,
1499 1959 1559 1997 jam
1584 1956 1722 1995 legittime
1737 1958 1771 1988 ὃς
1793 1956 1904 1994 dejure
1917 1966 2085 1996 vacantem,
2104 1958 2137 1988 &
2151 1957 2186 1987 ad
2201 1958 2327 1989 nostram

1246 2020 1251 2024 «
1265 1997 1502 2067 presentationem
1526 2005 1574 2035 per
1598 1995 1704 2034 lapsum
1728 1996 1865 2033 temporis
1877 1995 1934 2027 sive
1950 2005 2000 2033 per
2015 1997 2183 2034 pravitatem
2198 1996 2329 2027 Simonie

1289 2046 1322 2067 ac
1346 2037 1411 2067 vice
1431 2035 1626 2073 specstantem3
1662 2032 1701 2065 Et
1713 2033 1869 2074 diriguntur
1883 2034 1922 2065 he
1938 2034 2032 2066 Litere
2048 2035 2178 2066 Parentes
2192 2034 2328 2067 Domino

1267 2077 1393 2112 Georgio‚
1411 2073 1515 2113 Bristol
1528 2072 1684 2111 Episcopo.
2324 2069 2328 2071 ’

1305 2112 1396 2146 Teste
1410 2113 1496 2152 Rege
1507 2111 1582 2151 apud
1597 2110 1875 2152 Wstmonasterium,
1888 2112 1985 2152 primo
1999 2112 2046 2144 die
2060 2112 2177 2153 Aprilis.

1305 2192 1421 2222 :thomas
1434 2192 1551 2235 George²
1571 2188 1714 2227 Clericus,
1731 2188 1768 2220 Α.
1787 2188 1820 2233 Β.
1834 2189 1919 2222 habet
1932 2191 2092 2234 confimiles
2103 2190 2211 2236 Literas
2226 2192 2332 2224 Pateii?

1270 2228 2104 2309 {fjvfiffif'zstss'‘afisssstsduiffssi‘fszffi&assisa-‘353⁴’
2123 2230 2254 2262 D¹⁰C⁶¹³⁸
2267 2234 2334 2262 Me·

1272 2310 1306 2341 &
1320 2309 1356 2339 ad
1369 2292 1496 2338 iio’stram
1509 2306 1745 2344 presentationem
1760 2305 1846 2342 pleno
1856 2305 1920 2342 jure
1932 2277 2332 2344 spefflmerssaiiigtaplaenpeffe:

1271 2358 1301 2378 xe
1318 2347 1475 2385 diriguntur
1490 2344 1625 2375 Domino
1637 2343 1795 2382 Theophila,
1815 2346 1974 2385 Menevensz
1989 2331 2143 2384 Episcop’o.

1311 2386 1402 2418 Teste
1416 2383 1498 2424 Rege
1513 2383 1588 2422 apud
1604 2381 1862 2422 Wstmonasterium
1872 2406 1882 2422 ,
1900 2384 2040 2415 vicesimo
2052 2383 2097 2415 die
2109 2383 2227 2424 Aprilis.

2345 2214 2395 2243 No?
2413 2211 2443 2249 ‘63

1313 2463 1430 2494 Thomas
1452 2460 1605 2501 Harrison,
1624 2459 1661 2490 A.
1682 2459 1730 2490 M.
1746 2459 1832 2489 habet
1846 2459 2008 2490 consimiles
2025 2459 2132 2492 Literas
2148 2461 2281 2494 Patentes
2296 2462 2333 2495 de
2349 2472 2398 2503 No*
2438 2475 2445 2485 i

1275 2503 1480 2544 presentatione
1501 2501 1535 2531 ad
1558 2499 1729 2530 Rectoriam
1753 2498 1788 2528 de
1802 2497 1907 2536 HussJ,
1926 2497 2055 2529 Diocesis
2072 2502 2199 2539 Exonie,
2217 2503 2277 2539 J'atn
2292 2502 2332 2533 le·
2392 2494 2398 2502 ’
2416 2482 2444 2508 7“

1275 2544 1382 2573 tittime
1405 2542 1439 2573 &
1457 2539 1493 2569 de
1513 2539 1576 2576 jure
1597 2545 1765 2575 vacantem,
1782 2537 1815 2567 δε
1834 2538 1869 2566 ad
1893 2536 2018 2566 nostram
2031 2538 2267 2575 presentationem
2281 2549 2332 2579 per

1275 2580 1382 2618 lapsum
1405 2579 1557 2616 temporis,
1577 2577 1633 2607 five
1654 2585 1704 2614 per
1724 2576 1890 2612 pravitatem
1914 2575 2044 2605 Simonie
2061 2577 2113 2607 hac
2129 2579 2193 2609 vice
2205 2578 2335 2616 spectan—

1275 2627 1356 2690 thenis,
1376 2617 1413 2648 Et
1438 2617 1596 2656 diriguntur
1616 2615 1653 2645 he
1666 2614 1762 2644 Litere
1776 2613 1907 2644 Patentes
1924 2613 2060 2644 Domino
2071 2615 2208 2655 Joftpho,
2223 2618 2335 2648 Exonie

1323 2666 1379 2687 ico
1422 2679 1428 2685 .

1302 2666 1503 2732 p‘Testlis'Rege
1516 2691 1590 2732 apud
1605 2688 1875 2729 W’stmonasterium,
1893 2690 2030 2722 vicesimo
2044 2699 2145 2729 quarto
2159 2691 2206 2725 die
2218 2692 2341 2732 Aprilis:

1318 2771 1488 2811 *Johannes
1498 2773 1594 2807 Mayo,
1614 2767 1760 2804 Clericus,
1779 2766 1815 2797 Α.
1836 2766 1882 2796 M.
1898 2767 1984 2798 liabet
2000 2768 2160 2800 consimiles
2170 2769 2275 2801 Literas
2284 2770 2337 2802 Pa·
2352 2784 2369 2800 a
2379 2783 2465 2811 XIX-

1281 2819 1370 2843 tentes
1385 2810 1421 2840 de
1433 2808 1643 2851 *presentatione
1659 2806 1695 2837 ad
1711 2805 1880 2836 Rectoriam
1901 2806 1936 2836 de
1949 2807 2113 2846 Howcaple,
2132 2807 2263 2839 Diocesis
2276 2811 2335 2839 He·
2391 2830 2401 2847 ¹
2457 2804 2463 2814 ¹

1279 2849 1411 2890 refordie,
1426 2855 1486 2884 Jam
1510 2847 1648 2885 legittime
1666 2845 1700 2875 ὃς
1723 2844 1759 2874 de
1774 2845 1835 2882 jure
1850 2853 2017 2884 vacantem,
2035 2847 2068 2876 ὅ(
2083 2847 2118 2876 ad
2132 2846 2258 2877 nostram
2272 2856 2335 2887 pre·
2351 2831 2391 2891 {1⁷0
2409 2842 2451 2886 'gi

1281 2889 1485 2923 sentationem,
1500 2887 1606 2915 ratione
1627 2891 1765 2914 terrarum
1786 2884 1818 2913 ὃ(
1831 2891 2062 2914 tenementorum
2077 2884 2174 2914 Thome
2191 2885 2272 2925 Caple
2285 2895 2338 2926 ge·
2395 2882 2400 2888 '
2442 2879 2451 2896 ²

1281 2926 1372 2958 nerosi
1395 2926 1423 2955 in
1447 2924 1574 2954 manibus
1592 2921 1695 2952 nostris
1715 2920 1911 2958 existentium,
1933 2922 1989 2952 five
2003 2932 2056 2960 pro
2071 2923 2185 2954 defedm
2201 2926 2337 2962 prosecu-

1282 2967 1366 2997 tionis
1379 2963 1550 2994 liberationis
1564 2961 1682 2999 predicti
1697 2958 1795 2989 Thome
1808 2959 1890 2998 Caple
1904 2960 2019 2991 Patroni
2034 2961 2104 2992 dieti
2120 2961 2261 3002 Ecclesie,
2280 2964 2338 2995 five

1281 3015 1331 3043 per
1354 3003 1459 3040 lapsum
1476 3001 1628 3038 temporis,
1648 2999 1704 3029 sive
1720 3007 1769 3035 per
1782 3000 1948 3035 pravitatem
1964 2999 2094 3030 Simonie
2108 3001 2162 3030 hac
2178 3002 2243 3032 vice
2257 3002 2337 3041 spec-

1280 3051 1390 3120 taptegrn
1399 3039 1487 3109 ,EEts
1496 3040 1535 3069 he
1552 3038 1648 3069 Litere
1662 3036 1794 3068 Patentes
1805 3037 1963 3075 diriguntur
1976 3038 2111 3070 Domino
2127 3039 2261 3077 Matheo,
2277 3042 2338 3069 He-

1281 3092 1310 3112 re
1328 3092 1356 3111 or
1376 3091 1399 3109 ie
1442 3088 1517 3116 pico
1540 3087 1568 3108 o.
2055 3100 2069 3101 ἶ

1318 3118 1407 3189 Teste
1429 3087 1613 3156 Regepapud
1638 3112 1896 3154 Wstmonasterium
1911 3137 1922 3154 ,
1946 3115 2084 3148 vicesimo
2105 3122 2204 3154 quarto
2223 3115 2270 3146 die
2291 3118 2339 3146 A-

1278 3167 1322 3198 prs
1334 3169 1365 3189 ts.

1323 3234 1444 3273 Jacobus
1460 3234 1565 3272 Smith,
1585 3232 1731 3269 Clericus,
1759 3230 1795 3260 A.
1814 3229 1861 3260 Μ.
1880 3230 1963 3261 habet
1979 3230 2139 3261 consimiles
2158 3231 2266 3264 Literas
2284 3231 2340 3263 Pass
2355 3246 2394 3272 Ν,
2442 3245 2448 3250 κ

1285 3283 1375 3305 tentes
1397 3273 1431 3304 de
1453 3273 1657 3312 presentatione
1676 3271 1711 3301 ad
1734 3268 1873 3300 Vicariam
1891 3269 1928 3298 de
1948 3270 2161 3300 Wrockwarden
2173 3293 2183 3309 ‚
2208 3271 2344 3302 Diocesis
2397 3263 2406 3271 ⁴
2418 3251 2449 3279 9'

1287 3311 1488 3350 coventrienfis
1507 3311 1545 3346 όν
1570 3308 1723 3348 Lichensts,
1742 3317 1790 3345 per
1809 3306 1976 3337 Ceffionem
1998 3308 2087 3338 ultimi
2105 3308 2300 3341 Incumbentis
2317 3311 2341 3340 i-

1288 3351 1386 3381 bidem
1411 3350 1467 3386 iam
1490 3357 1658 3385 vacantem,
1673 3348 1707 3378 &
1726 3346 1761 3376 ad
1781 3345 1903 3376 nostram
1926 3345 2160 3382 presentationem
2181 3348 2267 3385 pleno
2278 3349 2342 3386 jure

1284 3389 1476 3427 spectantem,
1517 3387 1553 3417 Et
1579 3388 1615 3417 he
1638 3387 1737 3416 Litere
1757 3384 1854 3414 nostre
1871 3384 2025 3421 dinguntur
2047 3384 2183 3416 Domino
2204 3387 2340 3424 Robert0‚

1287 3427 1477 3464 Coventriensi
1489 3424 1526 3460 <ly
1540 3424 1669 3465 Lichenfi
1678 3422 1831 3460 Episcopo.

1319 3463 1504 3504 Teste'Rege
1517 3464 1590 3502 apud
1603 3460 1875 3501 Westmonasterium,
1895 3461 2010 3491 decimo
2029 3460 2149 3501 septimo
2164 3463 2210 3494 die
2224 3461 2342 3501 Aprilis.

1324 3540 1473 3580 Stephanus
1486 3539 1599 3584 Bqffet,
1618 3537 1758 3581 Clericus,
1777 3537 1813 3581 A.
1834 3536 1881 3567 M.
1901 3538 1984 3570 habet
1998 3539 2156 3570 consimiles
2170 3539 2276 3571 Literas
2289 3538 2344 3571 Pa·
2358 3560 2389 3586 N
2404 3557 2407 3559 -
2463 3559 2472 3571 η

1286 3589 1376 3612 tentes
1394 3579 1430 3609 de
1451 3582 1657 3616 presentatione
1670 3577 1705 3606 ad
1720 3577 1859 3607 Vicariam
1874 3576 1908 3606 de
1925 3578 2070 3608 Burnham
2085 3584 2192 3618 Overy,
2212 3578 2343 3610 Diocesis
2384 3567 2407 3586 θ’
2429 3566 2471 3592 ¹⁰⁴⁴

1289 3617 1486 3655 Norwicenfis,
1502 3627 1551 3654 per
1572 3623 1696 3645 mortem
1718 3614 1812 3644 ultimi
1833 3614 2027 3646 incumbentis
2049 3617 2153 3647 ibidem
2176 3624 2342 3653 vacantem,

1289 3658 1323 3688 ὃς
1338 3656 1373 3685 ad
1388 3655 1514 3685 nostram
1530 3653 1765 3691 presentationem
1782 3652 1868 3689 pleno
1877 3654 1941 3690 jure
1955 3655 2142 3692 spectantem3
2179 3654 2218 3685 Et
2238 3655 2275 3685 he
2290 3655 2343 3685 Li-

1288 3703 1348 3726 tere
1362 3694 1522 3730 diriguntur
1538 3691 1674 3721 Domino
1685 3692 1818 3727 Ricardo,
1837 3692 2012 3732 Norwicenfi
2029 3692 2181 3730 Episcopo.

1326 3731 1416 3762 Teste
1430 3731 1512 3768 Rege
1524 3729 1597 3769 apud
1614 3728 1871 3768 Wstmonasterium
1880 3753 1889 3768 ,
1899 3731 2035 3761 vicesimo
2052 3731 2134 3761 tertio
2148 3730 2193 3761 die
2207 3730 2324 3769 Aprilis.

1327 3808 1456 3838 Ricardus
1478 3807 1589 3849 Reekes,
1609 3805 1757 3844 Clericus,
1777 3806 1813 3837 A.
1832 3806 1863 3836 Β.
1883 3807 1969 3836 habet
1990 3805 2148 3836 consimiles
2169 3806 2277 3838 Literas
2290 3808 2345 3840 Pa-·

1288 3856 1380 3879 tentes
1396 3847 1431 3889 de
1447 3846 1647 3883 presentatione
1660 3846 1694 3875 ad
1714 3844 1882 3874 Rectoiiam
1895 3845 1930 3873 de
1944 3844 2106 3882 Fiddmgton
2115 3867 2123 3881 ,
2139 3845 2268 3877 Diocesis
2281 3850 2343 3878 Ba-
2361 3840 2409 3866 N0·
2432 3838 2473 3867 ¹¹3

1289 3885 1435 3924 thamensis
1454 3883 1493 3919 (ἔγ
1509 3883 1663 3923 nellenfis,
1680 3884 1736 3920 jam
1750 3883 1886 3921 legittime
1903 3884 1936 3912 &
1956 3882 1991 3911 de
2000 3883 2064 3919 jure
2077 3891 2222 3914 vacantem
2232 3908 2241 3922 ,
2256 3886 2290 3916 &
2307 3887 2343 3917 ad

1289 3924 1415 3954 nostram
1434 3921 1663 3959 presentationem
1686 3930 1736 3958 per
1757 3921 1863 3958 lapsum
1886 3922 2021 3958 temporis
2042 3920 2097 3950 five
2111 3930 2161 3958 per
2176 3924 2340 3959 pravitatem

1288 3962 1418 3993 Simonie
1431 3960 1620 3998 specstantem3
1647 3959 1682 3988 Et
1699 3958 1859 3999 diriguntur
1876 3957 1911 3989 lie
1925 3958 2023 3991 Litere
2037 3957 2166 3992 Patentes
2174 3961 2324 3993 Willielmo

1288 3998 1471 4039 Bathoniensi
1482 3997 1519 4036 &⁴
1535 3997 1663 4036 Wellenfi
1679 3996 1831 4035 Episcopo.
2330 3985 2342 4002 ²

2261 4035 2352 4075 Teste
