2561 4263
822 209 1258 252 REGINAE‘

207 291 301 329 aliqua
319 289 410 321 officii
423 292 532 322 ratione
546 314 554 328 ‚
573 290 700 323 nostram
716 301 830 332 quoque
842 295 1017 335 gratificandi
1036 298 1215 329 voluntatem
1233 298 1271 328 se-

204 331 276 362 dulo
292 329 502 360 declarabimus.
521 330 575 361 Sed
586 331 675 368 ipsum
693 332 904 364 benevolentiae
918 335 1021 365 nostrae
1033 336 1142 366 sensum
1155 347 1189 367 ex
1207 337 1259 367 ser-

205 377 294 398 mone
307 368 416 406 plenius
430 368 532 399 horum
543 369 700 400 Oratorum
711 372 814 408 ,quam
831 381 863 401 ex
877 373 976 402 nostris
991 374 1033 403 his
1044 374 1155 405 Litteris
1164 375 1262 405 Vestra

204 405 376 437 Excellentia
390 407 534 444 intelliget.
545 409 659 447 Qiibus
675 411 890 446 commilirnim,
905 420 935 441 ut
949 412 1022 442 hanc
1038 416 1157 451 rem,&
1172 414 1214 443 illa
1234 424 1264 443 e-

203 444 271 474 tiam
287 445 388 474 omnia
399 448 509 489 negotia
520 468 530 482 ,
541 447 577 477 de
593 448 693 485 quibus
707 447 765 478 huc
782 449 855 478 missi
870 449 1001 487 fuerunt,
1016 450 1077 481 fuse
1095 462 1192 482 coram
1205 453 1262 482 Ve-

202 481 258 513 stra
271 481 446 515 Excellentia
470 493 650 523 exponerent.
670 484 748 515 Deus
763 487 891 517 Vestram
908 487 1110 519 Excellentiam
1126 492 1154 520 in
1172 489 1259 528 longa

201 521 237 552 &
252 519 317 552 laeta
331 520 480 554 foelicitate
495 525 650 554 conservet.
670 522 756 561 Apud
773 525 813 557 D.
828 526 991 565 jacobum,
1013 536 1043 566 4.
1057 528 1134 566 Sept.
1158 537 1241 567 1557.

248 648 379 681 Domino
396 644 523 681 Alberto
539 647 719 682 Marchioizi
743 650 1008 698 Brizndenlmrgeni
1027 677 1036 692 ,
1070 655 1152 687 Duci
1174 659 1205 687 in

618 697 733 741 l’rigffia
745 721 754 737 ,
777 704 840 738 &a

237 778 424 812 Llustrissirne
447 781 480 811 P.
503 781 540 812 C.
557 781 593 812 C.
615 783 733 814 Litteras
754 784 938 815 Excellentiae
961 785 1068 817 Vestrae
1087 786 1172 817 XVI.
1193 787 1257 818 Oc-

252 818 416 857 tob.datas,
433 821 488 850 una
503 831 571 851 cum
587 821 631 851 sex
648 822 815 852 Falconibus
835 825 1003 862 accepimus.
1022 826 1054 855 [n
1072 827 1185 857 Litteris
1203 827 1257 856 lin-

200 856 303 895 gularis
327 857 413 888 studii
433 859 517 890 vestri
546 868 610 898 erga
631 871 683 890 nos
705 861 868 899 significatio
885 873 894 899 3
913 863 940 891 in
961 872 1092 901 munere,
1112 865 1256 903 propensae

201 896 287 925 etiam
312 905 379 935 erga
398 907 452 928 nos
478 898 687 928 benevolentiae
703 921 712 936 ,
740 900 834 930 multis
846 901 901 936 jam
922 901 1031 931 vicibus
1045 904 1194 941 cxpreffae,
1214 913 1256 934 re-

200 933 380 970 praesentatlo
405 936 489 976 plene
512 937 714 975 perspicueque
736 940 871 975 apparuit.
903 937 1000 977 Itaque
1022 950 1074 976 pro
1092 942 1134 971 his
1149 941 1257 972 Vestrae

199 970 387 1004 Excellentiae
407 977 441 1006 ὅτ
461 984 519 1004 tam
540 975 624 1010 gratis
640 975 748 1006 Litteris
771 979 803 1008 ἃ
815 987 871 1006 tarn
888 986 1007 1014 accepto
1025 979 1146 1009 Munete
1162 981 1259 1017 gratias

199 1019 253 1040 nos
267 1020 385 1050 quoque
396 1013 524 1043 lubentes
539 1014 571 1043 ὃς
585 1023 663 1043 nunc
677 1015 786 1051 agimus
803 1037 811 1049 ,
836 1017 869 1045 ὃ(
887 1015 958 1044 ctim
974 1017 1054 1046 nobis
1069 1018 1182 1047 occaiio
1196 1018 1261 1048 data

200 1047 301 1087 fuerit,
321 1058 423 1081 mutuo
438 1053 522 1082 etiam
539 1051 638 1081 nostro
661 1052 762 1082 officio
778 1052 875 1082 vestrae
890 1053 1098 1085 benevolentiae
1111 1055 1261 1094 responde-

200 1086 304 1119 bimus.
323 1087 395 1120 Dat.
409 1098 444 1120 ex
458 1088 552 1128 Regia
565 1089 663 1120 nostra
679 1091 752 1127 apud
767 1090 893 1121 Westm.
913 1101 960 1131 23.
975 1091 1099 1130 Januarii
1121 1102 1207 1133 1557.

230 1218 353 1248 Litterae
372 1224 553 1248 commeatus
570 1214 690 1261 conccffia
703 1215 856 1249 Valentino
875 1214 1092 1259 Si'ekienzinski
1110 1217 1227 1250 Polam.

248 1299 382 1339 Hilippus
396 1301 430 1332 &
440 1298 532 1331 Maria
540 1325 549 1340 ,
559 1302 621 1332 &c.
629 1300 780 1331 Univeriis
790 1311 823 1331 ac
836 1301 947 1340 singulis
956 1301 1087 1337 Regibus
1098 1325 1108 1341 ,
1120 1303 1261 1341 Principi-

265 1339 319 1370 bus
330 1338 410 1369 Eccl.
419 1339 451 1369 &
460 1339 1260 1379 Saec.ArchiepiscopisAEpiscopis,DucibusMarchioni-

197 1376 262 1416 bus,
271 1376 453 1417 Comitibus,
465 1378 619 1410 Baronibus
627 1402 637 1417 ,
645 1378 800 1408 Nobilibus
809 1401 817 1415 ,
828 1378 972 1409 Praefectis
980 1378 1138 1410 Civitatum
1146 1403 1155 1418 ,
1165 1381 1258 1418 Oppi-

196 1415 317 1454 dorum,
328 1416 502 1454 Terrarum,
514 1417 663 1454 villarum,
674 1419 708 1448 ὃς
724 1419 890 1455 quorumvis
905 1418 1026 1448 aliorum
1040 1419 1174 1448 locorum
1183 1419 1260 1450 Prae-

196 1455 775 1493 fectis,Guberiratori'bus,Retron-ibus&
791 1456 891 1486 locum
907 1456 1073 1486 eorumdem
1083 1459 1256 1487 tenentibus:

197 1493 269 1523 Nec
280 1504 338 1524 non
350 1494 517 1524 Admiraldis
536 1494 625 1525 Maris
634 1518 644 1532 ,
655 1494 795 1525 Portuum
805 1517 814 1531 ,
830 1494 964 1525 Paffiium
974 1518 983 1533 ,
1002 1496 1034 1526 &
1049 1495 1186 1525 Pontium
1197 1495 1256 1526 Cu-

197 1532 326 1562 stodibus
343 1534 376 1563 &
392 1534 449 1563 aliis
462 1533 593 1563 universis
607 1543 639 1563 ac
654 1532 766 1569 lingulis
783 1533 949 1563 horninibus
962 1534 1166 1571 cujuscumque
1180 1534 1257 1572 loci,

196 1570 281 1601 status
291 1594 299 1608 ,
316 1572 417 1608 gradus
431 1572 611 1609 ,ordinis,ac
622 1572 798 1608 ,conditionis
813 1571 947 1609 existant,
957 1571 991 1601 ad
1005 1582 1076 1610 quos
1091 1572 1137 1602 hae
1153 1572 1256 1603 nostrae

193 1609 343 1646 praesentes
359 1610 476 1640 Litterae
492 1609 862 1647 pervenerint,Salutem&
881 1609 994 1640 sincerae
1011 1611 1171 1641 dilectionis
1185 1610 1255 1643 effe-

194 1647 483 1679 &umSereniffisimi
493 1648 746 1686 ‚Excellentissimt
757 1648 1002 1686 Reverendiffimi,
1012 1648 1183 1688 Reverendi,
1193 1650 1258 1681 illu-

195 1685 336 1723 striffimi,
347 1686 509 1726 Magnific‘i,
521 1687 659 1717 Generoli
668 1709 677 1724 ,
686 1686 990 1726 Spetftabiles,Egregii
1005 1697 1038 1717 ac
1053 1689 1136 1718 nobis
1149 1689 1256 1719 sincere

193 1723 545 1763 dilecti.Cum1peetabiiis
555 1725 606 1756 Vir
615 1724 988 1756 ValentinusSiekienzinski
997 1725 1113 1757 Nobilis
1122 1727 1255 1766 Polonus,

193 1765 244 1802 qui
258 1764 307 1794 has
317 1764 418 1801 perfert
427 1765 563 1801 Litteras,
573 1774 609 1794 eo
624 1765 739 1801 animo,
749 1774 816 1794 cum
833 1763 909 1795 bona
930 1764 1011 1795 venia
1027 1766 1060 1796 ὅ(
1075 1765 1164 1803 gratia
1173 1766 1254 1796 Sere-

194 1801 300 1833 nisfimi
315 1802 457 1841 Principis
472 1803 513 1834 D.
525 1803 697 1842 Sigismundi
707 1802 828 1840 Augusti
840 1803 926 1842 Regis
934 1802 1063 1833 Poloniae
1073 1827 1081 1842 ,
1090 1805 1150 1834 &c.
1161 1805 1252 1836 fratris

193 1841 283 1872 nostri
291 1842 455 1879 charissimi,
465 1841 586 1871 Domini
595 1850 627 1870 ac
636 1840 722 1879 Regis
735 1840 773 1871 sui
782 1864 792 1880 ‚
801 1850 885 1878 prout
895 1842 976 1871 nobis
983 1852 1017 1872 ex
1027 1842 1185 1873 Serenitatis
1196 1844 1253 1874 suae

192 1879 308 1911 Litteris
316 1880 408 1917 passus
424 1881 475 1910 fibi
490 1880 639 1918 impertitis
656 1878 777 1917 constat,
793 1879 927 1916 Regnum
939 1880 1069 1911 Poloniae
1083 1891 1115 1911 ac
1126 1881 1253 1912 Patrium

191 1917 304 1957 solum,
325 1919 380 1948 una
394 1929 461 1950 cum
476 1918 534 1949 aliis
549 1918 730 1948 familiaribus
746 1919 908 1957 excelserit,
922 1928 952 1949 ut
968 1921 995 1948 in
1008 1919 1254 1958 Peregrinatione,

190 1956 332 1988 sacrorum
347 1957 480 1988 locorum
500 1957 673 1994 visitatione,
692 1954 882 1995 Regnorum,
903 1958 1072 1987 Ducatuum
1095 1960 1128 1989 «St
1144 1957 1254 1989 Civita-

191 2003 254 2026 tum
271 1995 434 2027 lustratione
449 2018 458 2034 ,
477 1996 506 2025 iri
523 2004 638 2026 morum
654 2003 687 2024 ac
701 1995 938 2025 consuetudinum
956 1997 1094 2027 variarum
1110 1996 1252 2028 Gentium

191 2034 226 2065 &
249 2033 424 2066 diversorum
450 2035 603 2064 hominum
625 2034 793 2070 cognitione
809 2057 819 2072 ,
845 2044 952 2071 partem
977 2035 1044 2065 vitae
1064 2035 1119 2065 suae
1140 2036 1253 2075 suasque

192 2073 318 2103 fortunas
342 2073 487 2112 impendat
505 2095 514 2110 ‚
538 2082 590 2103 nos
612 2073 670 2103 hoc
687 2072 758 2102 illius
778 2080 837 2103 tam
862 2073 999 2104 laudabile
1015 2072 1175 2104 institutum
1198 2085 1253 2105 no-

192 2111 250 2141 stro
267 2122 383 2150 quoque
397 2112 494 2142 favore
510 2111 543 2142 δί
558 2110 646 2149 gratia
662 2121 833 2148 promovere
849 2111 1033 2142 deiiderantes
1046 2135 1055 2150 ,
1073 2114 1105 2143 δε
1123 2123 1252 2150 propter-

191 2160 223 2180 ea
246 2150 297 2179 sibi
326 2150 409 2180 lacile
425 2173 435 2188 ‚
463 2158 558 2181 tutum
571 2151 604 2180 &
621 2150 786 2187 expeditum
803 2151 872 2187 iter,
892 2151 1116 2188 quaquaversum
1139 2153 1253 2190 eundo,

191 2188 396 2227 redeundoque
420 2189 524 2226 ubique
546 2198 639 2228 patere
658 2212 667 2226 ,
695 2188 832 2227 illumque
860 2190 994 2219 omnibus
1019 2199 1105 2228 quam
1128 2193 1251 2221 maxime

191 2227 430 2258 commendatum
453 2228 509 2258 elle
532 2228 695 2266 cupientes,
713 2226 878 2258 serenitates
893 2228 927 2258 &
943 2227 1123 2259 Dilectiones
1138 2229 1250 2260 Vestras

190 2266 314 2298 libenter
329 2267 362 2298 &
376 2265 501 2297 studiose
513 2266 679 2303 hortamur,
695 2274 726 2296 ut
742 2265 851 2296 diffisum
868 2265 1164 2306 Val.Siel‹ienzinsl<i,
1182 2278 1251 2299 cum

191 2306 226 2335 ad
240 2305 305 2337 loca
320 2314 512 2344 quaecumque
526 2305 634 2335 Vestrae
653 2304 778 2335 Ditionis
794 2306 952 2341 pervenerit
967 2329 976 2342 ,
994 2306 1158 2336 humaniter
1172 2308 1249 2337 acci-

189 2345 270 2381 piatis
286 2345 466 2382 benigneque
482 2344 665 2381 tra&etis3&
682 2351 713 2373 ut
729 2343 785 2372 una
801 2353 870 2374 cum
887 2343 937 2373 suis
951 2343 1249 2384 familiaribusstquis,

189 2383 321 2420 sarcinis,
341 2384 424 2413 rebus
437 2392 471 2412 ac
491 2383 573 2414 bonis
591 2382 642 2412 suis
659 2382 810 2418 omnibus,
832 2392 880 2419 per
897 2381 986 2424 vestra
1003 2381 1124 2421 Regna,
1143 2384 1250 2414 Domi—

187 2421 254 2459 nia,
271 2420 402 2452 Ditiones
419 2430 453 2451 ac
468 2421 650 2458 Provincias,
669 2421 775 2458 ubique
787 2420 876 2450 libere
888 2443 896 2457 ,
923 2424 978 2451 ime
996 2422 1202 2458 impedimento
1216 2424 1250 2454 &

189 2458 356 2490 detentione
371 2481 381 2497 ‚
408 2459 465 2489 fine
488 2459 571 2490 ullius
591 2459 733 2497 veffigahs
749 2468 795 2488 aut
810 2458 919 2489 alterius
935 2460 1056 2498 cujusvis
1068 2462 1162 2490 oneris
1176 2462 1251 2492 solu-

189 2499 286 2536 tione,
303 2497 460 2536 proficisci,
478 2498 605 2536 transire,
625 2498 744 2534 morari,
762 2498 892 2528 recedere
907 2499 940 2528 ὃς
955 2499 1043 2529 redire
1067 2501 1245 2536 permittatis:

189 2535 329 2574 illumque
351 2547 384 2567 ac
407 2535 468 2567 suos
482 2546 582 2567 omnes
597 2537 632 2566 ab
653 2537 736 2566 omni
753 2537 781 2565 vi
800 2536 833 2566 ὃς
849 2535 949 2574 injuria
964 2537 1135 2568 defendatis:
1158 2538 1250 2569 Dein-

188 2584 246 2612 que
263 2576 345 2605 omni
365 2576 546 2606 humanitatis
566 2574 667 2605 officio
682 2573 889 2612 prosequamini
906 2598 915 2613 ,
930 2585 964 2606 ac
979 2577 1007 2604 in
1026 2577 1165 2606 omnibus
1182 2587 1250 2607 eum

188 2614 427 2644 commendatum
444 2614 574 2644 habeatis.
587 2613 655 2650 Qus
671 2614 700 2642 in
717 2612 862 2642 teVeltrae
879 2613 1043 2644 Sei-enitates
1056 2624 1089 2644 ac
1108 2614 1251 2646 Diieetio-

186 2661 236 2682 nes
261 2662 321 2684 rem
336 2653 418 2682 nobis
432 2652 514 2683 valde
529 2659 655 2692 gratam,
674 2653 707 2682 δε
724 2651 822 2682 mutua
839 2650 935 2682 nostra
950 2663 1065 2695 quoque
1077 2655 1252 2685 benevolen-

186 2690 227 2721 tia
250 2691 279 2721 in
301 2692 384 2722 simili
403 2690 467 2720 casu
490 2690 732 2728 compensandam
753 2689 869 2721 facietis.
899 2690 932 2722 In
954 2700 1034 2729 quus
1048 2694 1086 2722 rei
1100 2691 1250 2723 Testimo-

188 2730 272 2759 nium
287 2730 335 2760 has
344 2731 466 2760 Litteras
473 2729 604 2760 Patentes
619 2728 678 2759 fieri
693 2729 874 2766 fecimus,ac
884 2731 983 2766 privati
994 2730 1083 2760 nostri
1091 2730 1178 2770 Sigilli
1196 2732 1249 2762 im-

186 2768 331 2805 pressione
343 2767 472 2806 juffimus
488 2769 672 2799 communiri.
694 2767 762 2798 Dat.
775 2768 803 2797 in
814 2767 910 2805 Regia
925 2768 1018 2798 nostra
1026 2768 1119 2799 West.
1133 2779 1180 2808 14.
1194 2769 1252 2802 Die

194 2806 305 2838 Mensis
318 2807 387 2838 Feb.
406 2807 495 2838 Antio
511 2807 635 2838 Domini
654 2815 739 2845 1557.
759 2806 929 2846 Regnorum
947 2807 1111 2838 nostrorum
1128 2817 1159 2847 4.
1174 2809 1207 2840 &
1223 2817 1251 2848 5.

188 2931 359 2966 Reverendo
385 2935 473 2965 Patri
492 2945 527 2965 ac
541 2932 696 2979 perdilefio
721 2933 812 2973 nostro
836 2937 949 2969 Amico
978 2938 1023 2969 D.
1049 2938 1156 2969 Fratri
1174 2940 1248 2972 Ber-

411 2979 503 3012 nardo
518 2980 555 3013 de
573 2981 723 3026 Frisveda
741 2985 829 3029 Regio
850 2983 1012 3029 Confhfflari.

186 3064 405 3128 REverende
419 3065 519 3105 Pater,
540 3065 646 3097 Amice
660 3067 822 3104 perdilec'te.
859 3068 976 3099 Litterae
991 3076 1047 3099 tuae
1063 3079 1129 3107 quas
1143 3071 1247 3104 crebro

268 3105 303 3136 ad
325 3115 377 3136 nos
397 3104 498 3135 dedisti
513 3126 523 3142 ,
550 3113 683 3142 pergratae
697 3115 797 3136 omnes
812 3107 897 3136 nobis
910 3108 1068 3138 extiterunt.
1093 3107 1181 3141 Grata
1196 3112 1247 3141 ad-

186 3145 311 3175 modum
327 3145 413 3175 nobis
428 3144 513 3174 etiam
529 3142 582 3173 fuit
600 3143 717 3182 diligens
729 3145 773 3174 illa
787 3144 878 3174 officii
897 3147 965 3176 ratio
980 3146 1246 3185 significandinobis

183 3192 245 3221 tes,
262 3193 328 3221 quae
340 3182 402 3213 istic
418 3190 563 3221 geruntur.
578 3179 618 3212 Et
633 3192 806 3220 quamquam
822 3183 972 3221 hactenus,
992 3194 1045 3215 nec
1061 3186 1114 3215 tuis
1130 3186 1243 3219 Litteris

184 3230 241 3251 nec
256 3221 361 3252 officiis
382 3220 591 3258 respondimus,
610 3228 705 3250 tamen
724 3223 756 3252 &
775 3221 888 3251 Litterae
908 3224 941 3252 &
957 3223 1059 3260 fingula
1075 3231 1120 3254 tua
1144 3226 1240 3258 officia

182 3260 268 3289 nobis
287 3269 366 3299 grata
384 3260 509 3290 fuerunt.
543 3258 613 3289 Nec
633 3258 795 3290 dubitamus
814 3261 882 3297 quin
905 3269 956 3297 pro
969 3262 1016 3292 tua
1033 3260 1186 3294 Prudentia
1201 3266 1240 3295 ita

183 3299 292 3335 cogites
308 3320 318 3335 ‚
344 3298 471 3330 difficilia
491 3298 553 3328 haec
576 3305 707 3335 tempora
730 3299 762 3330 &
782 3298 946 3335 multiplicia
968 3299 1060 3330 nostra
1079 3303 1190 3339 negotia
1209 3304 1239 3333 iri

181 3335 264 3366 causa
277 3335 358 3368 fuiffe
374 3339 434 3375 quo
450 3337 543 3367 minus
557 3336 881 3375 intelligeres,quantum
898 3346 955 3368 tute
970 3339 1085 3369 Litterae
1098 3342 1130 3370 ὃς
1148 3350 1194 3372 tua
1209 3344 1238 3372 in

181 3384 235 3404 nos
257 3373 346 3405 studia
367 3376 450 3405 nobis
470 3375 645 3412 placuerunt.
665 3375 755 3413 Perge
776 3377 879 3414 igitur,
898 3376 1067 3408 Reverende
1091 3377 1188 3418 Pater,
1204 3383 1238 3412 δε

180 3413 324 3450 persevera
337 3413 365 3442 in
381 3413 435 3443 hac
447 3414 494 3445 tufi
510 3413 652 3445 scribendi
666 3415 829 3452 crebritate,
846 3415 879 3445 &
896 3415 923 3444 iri
949 3416 1000 3446 hac
1016 3426 1074 3447 tam
1091 3418 1168 3456 grata
1184 3429 1238 3449 no-

181 3453 225 3482 bis
248 3451 426 3486 gratificandi
448 3453 555 3483 ratione
571 3462 577 3481 ε
607 3452 685 3483 Rem
701 3453 779 3482 enirn
795 3453 876 3482 nobis
893 3463 946 3483 nec
968 3457 1058 3491 magis
1071 3465 1238 3496 acceptam,

179 3501 234 3521 nec
253 3490 268 3519 a
281 3490 365 3520 nobis
378 3489 530 3521 lubentiori
544 3491 641 3521 animo
658 3490 896 3528 compensandam
922 3491 1013 3524 facere
1030 3502 1119 3530 potes.
1154 3495 1236 3526 Nam

178 3530 216 3560 ita
230 3528 278 3559 fiet
296 3536 327 3558 ut
344 3538 392 3565 per
407 3536 467 3558 tuas
481 3528 613 3567 Litteras,
631 3530 699 3560 cum
717 3531 776 3560 aliis
794 3529 830 3559 de
849 3530 948 3569 rebus,
962 3532 1027 3561 tum
1047 3535 1138 3570 vero,
1157 3535 1235 3571 quod

179 3568 264 3597 nobis
290 3567 415 3597 maxime
441 3567 471 3596 in
495 3568 570 3597 votis
594 3567 635 3598 est
650 3592 660 3606 ,
688 3567 724 3599 de
751 3567 923 3599 Sereniffimi
949 3569 1039 3607 Regis
1058 3569 1183 3601 Domini
1203 3574 1236 3604 &

181 3605 324 3644 Conjugis
352 3604 438 3635 nostri
462 3604 614 3635 chariffimi
642 3607 836 3638 incolumitate
858 3608 994 3639 certiores
1014 3608 1121 3639 fiamus.
1158 3609 1236 3642 Bene

179 3645 260 3682 vale,
277 3643 352 3682 apud
370 3642 497 3675 Westm.
514 3652 564 3683 23.
583 3642 653 3674 Feb.
674 3653 758 3683 1557.

181 3765 359 3814 Magmflcis
369 3768 511 3800 Dominis
522 3792 532 3808 ,
545 3762 715 3811 Confhlibus
729 3769 765 3804 (ῤ’
777 3765 964 3801 Senatoribus
981 3770 1125 3802 Civitatis
1135 3772 1233 3816 Impe-

223 3816 309 3847 rialis
328 3814 460 3854 Lubicae,
475 3815 637 3860 caeterisque
656 3816 775 3860 Legatis
788 3815 940 3859 faederatae
952 3820 1105 3850 Soa-ieratis
1125 3819 1233 3862 Hans&

223 3862 404 3896 ‘Teuthonicae
423 3861 531 3895 ibidem
553 3867 754 3910 congregatis,
781 3865 899 3897 Amicis
914 3864 1016 3908 nostris
1038 3865 1229 3908 Chariffimis.

178 3945 386 4006 MAgnifici
407 3947 551 3985 Domini,
577 3946 663 3977 amici
683 3945 771 3976 nostri
788 3946 963 3978 Charisiimi.
984 3948 1104 3982 Litteras
1121 3950 1234 3981 Vestras

275 3994 353 4015 nono
369 3985 544 4023 Septembris
561 3985 683 4016 Lubicae
701 3985 775 4015 datas
791 4009 800 4023 ,
818 3987 997 4024 accepimus,
1014 3989 1044 4018 in
1063 3990 1163 4027 quibus
1181 3999 1234 4019 no-

178 4025 222 4054 bis
239 4022 381 4054 declaratis
396 4046 405 4061 ‚
428 4024 507 4060 quta
530 4034 595 4054 eam
614 4024 847 4055 informationem
869 4034 954 4061 quam
974 4025 1058 4056 vestri
1077 4028 1160 4057 vobis
1178 4027 1230 4057 Fa-

178 4063 272 4093 &ores
295 4061 482 4091 exhibuerunt
497 4083 507 4099 ‚
533 4062 602 4100 quid
626 4062 722 4092 adium
751 4062 783 4092 sit
808 4063 837 4091 in
855 4061 913 4093 hoc
932 4062 1040 4101 Regno
1066 4065 1164 4095 nostro
1190 4065 1233 4095 his

177 4099 314 4139 proximis
332 4100 426 4137 annis,
443 4100 473 4129 in
492 4109 528 4131 eo
546 4102 680 4139 negotio,
696 4101 774 4137 quod
793 4100 897 4138 spectat
917 4101 952 4132 ad
970 4101 1061 4133 vestra
1079 4103 1230 4142 privilegia.

1334 210 1764 258 ANGLIAE.
2325 236 2375 278 ις’

1311 298 1425 335 Qubus
1442 301 1469 330 in
1486 301 1597 332 Litteris
1614 302 1676 332 haec
1695 302 1712 331 a
1728 302 1818 332 Vobis
1832 303 1973 341 praecipue
1990 303 2172 341 explicantur.
2193 305 2283 346 Qiod
2296 319 2358 348 nos,

1305 346 1374 366 cuin
1395 339 1423 368 iri
1443 340 1523 369 initio
1548 339 1644 378 Regni
1668 340 1781 378 nostri,
1807 351 1915 378 magno
1938 351 2008 372 cum
2035 343 2131 372 favore
2156 343 2246 375 vestra
2270 349 2354 378 vobis

1305 376 1446 415 privilegia
1463 376 1684 415 restituissemus,
1700 378 1775 409 fadis.
1793 378 1884 410 statim
1904 380 1993 411 subita
2011 381 2183 419 mutatione,
2204 383 2282 412 usum
2305 396 2356 416 ve-

1305 413 1426 444 strorum
1456 416 1666 455 privilegiorum
1684 418 1768 447 vobis
1786 417 1977 448 abstulerimus
1995 441 2004 456 ,
2028 419 2097 449 licet
2122 429 2172 449 vos
2191 419 2355 454 humillimo

1303 451 1396 481 studio
1407 456 1582 485 contrarium
1597 455 1778 493 petivissetis3
1794 456 1905 491 adieritis
1923 458 2008 487 etiim
2027 457 2223 488 intercessoriis
2243 459 2353 492 Litteris

1303 491 1455 521 charissimi
1479 492 1568 522 nostri
1593 494 1626 524 &
1650 493 1788 532 Conjugis
1812 495 1844 524 ὃ(
1871 494 1996 525 Domini
2022 495 2120 534 Regiae
2145 495 2300 534 Maj'estatis
2325 501 2354 530 in

1303 528 1428 560 vestrum
1447 531 1577 561 favorem
1595 540 1679 569 atque
1693 534 1828 570 gratiam,
1843 532 1887 562 his
1901 533 1937 562 de
1954 533 2055 572 causis,
2073 543 2126 564 nos
2142 544 2259 573 quoque
2271 536 2355 567 duxi-

1304 575 1383 604 mus,
1402 570 1482 598 vobis
1497 569 1711 608 significandum
1731 571 1804 609 esse,
1819 572 1851 600 &
1871 570 1899 600 id
1917 580 1998 602 certo
2016 572 2141 610 quodam
2160 574 2354 613 ordine‚quid

1300 606 1409 641 egimus
1427 607 1454 635 in
1474 615 1536 637 toto
1557 608 1614 638 hoc
1634 608 1793 639 vestrorum
1814 608 2025 647 privilegiorum
2041 612 2167 649 negotio.
2186 610 2221 642 In
2238 613 2292 651 quii
2307 624 2354 652 re,

1301 643 1329 671 id
1348 646 1470 675 omnino
1491 645 1594 675 secuta:
1617 646 1711 676 sumus
1730 647 1901 685 consilium,
1920 656 1950 678 ut
1965 648 2032 678 inde
2048 649 2131 679 facile
2141 658 2285 688 appareat,
2304 662 2358 683 nos

1300 682 1470 719 praecipuam
1485 683 1628 720 habuisse,
1646 685 1716 714 cum
1738 686 1878 716 rationem
1895 686 2067 718 Litterarum
2087 688 2242 725 charissimi
2262 690 2356 722 nostri

1301 720 1334 749 δε
1350 719 1490 759 Conjugis
1504 723 1537 752 ὃς
1554 721 1695 760 Domini,
1713 723 1776 753 tum
1795 725 1962 763 propensam
1983 735 2096 764 quoque
2120 727 2296 759 voluntatem
2311 738 2355 760 at-

1301 767 1357 794 que
1371 758 1494 789 studium
1509 781 1519 797 ,
1543 759 1578 789 ad
1595 770 1723 791 mutuam
1741 763 1814 792 inter
1837 773 1889 793 nos
1902 763 2033 801 deinceps
2049 764 2267 796 conservandam
2282 769 2354 798 ami-

1299 797 1407 826 citiam.
1446 797 1524 836 Qiae
1549 798 1641 828 nostra
1658 800 1772 830 consilia
1791 801 1952 838 hujusmodi
1976 804 2055 833 certe
2076 802 2204 842 fuerunt,
2222 815 2253 836 ut
2268 807 2355 845 nulli,

1296 834 1432 902 priseos,
1449 846 1482 867 ac
1497 835 1584 866 nostri
1601 836 1719 875 subditi,
1735 839 1795 876 jure
1811 840 1947 878 conqueri
1964 841 2102 878 debeant,
2126 852 2158 873 ea
2169 844 2354 884 intolerabilia.

1309 883 1334 901 ul
1360 884 1386 903 C.

1334 910 1415 941 Cum
1431 912 1564 950 quaedam
1580 914 1723 953 privilegia
1740 915 1756 944 ἒι
1770 914 1935 953 quibusdam
1951 917 2103 953 maioribus
2123 918 2224 949 nostris
2237 929 2356 952 conces-

1299 948 1325 978 sa
1342 949 1446 981 fuerint
1468 952 1610 982 nonnullis
1631 962 1664 981 ex
1689 952 1783 982 vestris
1806 953 2070 993 praedecessoribus,
2089 958 2173 987 certis
2188 959 2356 995 quibusdam

1300 988 1336 1017 de
1350 990 1451 1026 causis,
1473 992 1574 1027 quibus
1598 991 1686 1020 nostri
1702 992 1836 1029 majores,
1855 991 1889 1022 ad
1904 992 1931 1022 id
1947 992 2109 1024 faciendum
2125 999 2356 1029 commovebam-

1300 1033 1354 1055 tur.
1370 1026 1506 1066 Cumque
1526 1028 1571 1058 illa
1592 1029 1735 1068 privilegia
1752 1052 1762 1066 ,
1786 1029 1878 1069 longo
1893 1030 2028 1068 deinceps
2045 1040 2190 1073 tempore,
2206 1045 2242 1065 eo
2263 1037 2355 1067 modo

1301 1073 1515 1103 exercerentur,
1533 1076 1565 1097 ut
1582 1077 1640 1097 non
1657 1077 1761 1104 magna
1773 1067 1840 1098 inde
1853 1069 2020 1100 detrimenta
2039 1070 2165 1108 Principi
2188 1083 2220 1103 ac
2242 1073 2355 1112 Populo

1303 1102 1383 1139 hujus
1404 1106 1481 1142 regni
1497 1106 1664 1136 obvenirent
1681 1129 1691 1144 ,
1707 1108 1740 1137 ὃς
1760 1107 1846 1136 multa
1867 1107 2003 1138 beneficia
2018 1131 2028 1146 ,
2051 1110 2181 1147 variaque
2197 1114 2356 1145 commoda

1301 1150 1434 1178 caperent
1454 1143 1493 1172 illi
1513 1146 1613 1180 quibus
1630 1145 1761 1175 concelsa
1782 1144 1842 1175 sunt
1858 1157 1867 1183 2,
1892 1147 2078 1177 nihilominus
2093 1147 2156 1179 haec
2173 1150 2225 1186 ipsa
2241 1153 2357 1188 privile-

1301 1180 1364 1217 gia,
1381 1180 1424 1209 his
1444 1181 1551 1218 aliquot
1571 1182 1754 1219 superioribus
1774 1185 1853 1213 annis
1868 1206 1877 1221 ,
1894 1185 1910 1213 ἐι
1924 1186 2008 1214 vobis
2024 1186 2173 1224 vestrisque
2187 1189 2232 1218 hic
2249 1190 2358 1222 assiduis

1304 1217 1493 1258 Fadtoribus,
1517 1227 1597 1250 tanto
1612 1230 1682 1249 cum
1703 1221 1786 1251 abusu
1811 1224 2014 1253 exercebantur
2030 1247 2038 1261 ‚
2065 1225 2098 1254 δε
2119 1225 2166 1263 id,
2186 1234 2244 1258 tam
2259 1238 2358 1260 contra

1302 1255 1469 1287 sententiam
1483 1267 1583 1288 eorum
1607 1259 1655 1296 qui
1677 1259 1740 1289 haec
1758 1260 1785 1289 iri
1801 1261 1883 1290 initio
1898 1262 2116 1300 conceiierunt,
2134 1265 2167 1294 ὃς
2185 1274 2241 1295 tarn
2257 1276 2357 1298 contra

1300 1295 1382 1324 illum
1399 1304 1528 1334 morem,
1546 1305 1630 1334 quem
1654 1297 1740 1327 vestri
1760 1299 1974 1335 praedecessores
1989 1324 1998 1339 ‚
2023 1302 2125 1338 quibus
2141 1304 2264 1339 primum
2283 1315 2356 1336 con-

1300 1333 1474 1364 cedebantur
1492 1358 1501 1373 ,
1525 1335 1614 1365 secuti
1628 1335 1689 1366 sunt
1699 1359 1708 1372 ,
1723 1344 1782 1366 tam
1798 1339 1894 1374 aperte
1909 1347 2009 1369 contra
2027 1341 2125 1369 statuta
2140 1343 2172 1372 ὃς
2186 1342 2259 1379 leges
2273 1343 2357 1381 hujus

1301 1370 1414 1410 Reum,
1432 1374 1465 1403 δε
1480 1375 1623 1412 tantopere
1637 1375 1722 1405 etiarn
1737 1374 1770 1405 ad
1785 1374 1925 1406 damnum
1949 1377 1982 1406 &
1999 1377 2200 1408 detrimentum
2217 1381 2357 1419 Principis

1300 1411 1333 1441 δε
1344 1395 1446 1447 ffopuli
1466 1412 1588 1449 ejusdem
1598 1434 1607 1449 ,
1623 1421 1655 1443 ut
1670 1413 1718 1442 nisi
1731 1422 1837 1443 matura
1853 1415 2020 1445 reformatio
2035 1416 2162 1447 adhibita
2176 1418 2356 1460 fuiffet,gra-

1299 1449 1379 1478 viora
1400 1451 1478 1479 certe
1499 1451 1532 1481 &
1552 1450 1768 1481 intolerabiliora
1790 1453 1872 1482 nobis
1886 1452 2047 1491 nostraeque
2062 1454 2242 1493 Reipublicae
2257 1458 2356 1495 procul

1297 1487 1385 1516 dubio
1405 1487 1578 1518 accidissent.
1615 1489 1706 1525 Quod
1731 1491 1957 1522 incommodum
1974 1493 2044 1522 cum
2061 1493 2238 1525 chariffimus
2261 1496 2356 1527 noster

1298 1526 1331 1556 &
1346 1524 1528 1555 nobilissimae
1546 1528 1696 1557 memoriae
1711 1528 1795 1559 frater
1807 1528 1963 1560 Edwardus
1986 1531 2101 1569 SeXtus,
2119 1542 2153 1562 ex
2168 1533 2296 1570 prudenti
2306 1536 2355 1565 ad-

1297 1564 1411 1593 monitu
1422 1563 1535 1593 suorum
1552 1563 1787 1595 Confiliariorum
1800 1568 1985 1606 praevidisset,
1997 1579 2047 1606 per
2060 1570 2187 1600 debitum
2199 1574 2230 1603 &
2244 1573 2354 1610 justum

1296 1601 1429 1632 ordinem
1446 1602 1541 1641 legum
1556 1602 1640 1640 hujus
1656 1604 1756 1641 regni,
1776 1606 1891 1642 (quibus
1913 1606 2020 1644 legibus
2042 1608 2165 1639 validitas
2178 1611 2211 1641 &
2226 1612 2356 1642 invalidi-

1295 1648 1334 1669 tas
1349 1641 1481 1672 omnium
1496 1642 1714 1678 privilegiorum
1728 1643 1756 1671 in
1772 1642 1830 1672 hoc
1849 1653 1936 1680 regno
1952 1646 2152 1676 concessorum
2167 1650 2200 1677 &
2218 1648 2266 1680 hic
2275 1659 2354 1680 exer-

1296 1679 1456 1709 cendorum
1475 1679 1595 1716 expendi
1611 1681 1644 1712 &
1659 1680 1838 1711 determinari
1854 1680 1947 1716 debet)
1965 1683 2102 1714 referebat
2116 1687 2356 1718 examinationem

1297 1718 1331 1748 &
1342 1717 1608 1748 determinationem
1620 1719 1746 1749 exercitii
1764 1720 1797 1750 &
1815 1718 1876 1750 usus
1891 1720 2051 1752 vestrorum
2066 1723 2278 1763 privilegiorum
2291 1748 2300 1764 ,
2319 1728 2354 1758 ad

1297 1757 1494 1794 cognitionem
1518 1757 1552 1788 &
1576 1757 1832 1788 confiderationem
1849 1758 1987 1796 Judicum
2005 1769 2091 1798 atque
2115 1762 2235 1793 aliorum
2251 1767 2355 1802 perito*

1297 1805 1360 1825 rum
1373 1794 1445 1832 juris
1461 1795 1543 1832 hujus
1564 1794 1669 1834 Regni.
1705 1796 1768 1834 Qii
1789 1796 1852 1833 post
1876 1806 2015 1827 maturam
2034 1800 2160 1830 habitam
2176 1801 2355 1833 deliberatio-

1296 1843 1382 1870 nem,
1398 1835 1427 1863 in
1443 1833 1551 1871 scriptis
1564 1835 1679 1864 tandem
1697 1834 1899 1872 decreverunt,
1920 1835 1982 1866 haec
1998 1837 2086 1867 vestra
2106 1839 2248 1877 privilegia
2269 1851 2355 1879 prop-

1296 1879 1336 1901 ter
1353 1872 1538 1903 intolerabiles
1550 1872 1662 1910 abusus,
1683 1874 1731 1910 qui
1746 1874 2001 1904 committebantur
2018 1877 2045 1905 in
2065 1877 2166 1906 eisdem
2183 1880 2356 1917 exercendis,

1294 1911 1328 1940 &
1346 1920 1460 1948 propter
1481 1911 1542 1940 alias
1554 1911 1638 1947 iustas
1658 1911 1749 1941 causas
1762 1934 1772 1949 ,
1800 1912 1828 1941 in
1845 1913 2032 1943 commissum
2049 1915 2178 1945 incidiffe
2192 1938 2201 1955 ‚
2225 1918 2353 1957 adeoque

1294 1948 1459 1980 resumenda
1474 1949 1506 1979 ὃς
1521 1949 1680 1990 abroganda
1694 1949 1757 1980 elie.
1777 1950 1891 1981 Tamen
1906 1953 2120 1988 quamprimum
2136 1964 2191 1984 nos
2207 1955 2240 1985 ad
2251 1957 2354 1995 guber-

1294 1987 1391 2017 meula
1413 1988 1494 2025 hujus
1524 1988 1620 2027 Regni
1643 1988 1810 2018 accessimus
1824 2011 1833 2027 ,
1859 1999 1910 2026 pro
1932 2000 1968 2019 eo
1992 1990 2089 2020 favore
2107 2014 2116 2029 ,
2144 2002 2203 2030 quo
2227 1994 2351 2025 vestram

1293 2024 1400 2056 Hansae
1421 2026 1615 2057 Teuthonicae
1627 2026 1801 2058 Societatem
1825 2028 1978 2064 prosecutae
1994 2029 2104 2067 sumus,
2123 2040 2220 2070 rogatu
2237 2033 2353 2064 illorum

1293 2063 1465 2103 Oratorum,
1485 2075 1557 2103 quos
1572 2066 1631 2096 huc
1645 2064 1680 2095 ad
1697 2065 1864 2103 praediCtum
1880 2066 2004 2096 Fratrem
2023 2068 2154 2098 nostruin
2170 2071 2349 2102 nobilissimas

1295 2103 1444 2133 memoriae
1466 2103 1625 2142 legavistis,
1653 2105 1808 2141 praesertim
1832 2105 1899 2134 cum
1919 2105 1957 2134 illi
1974 2106 2022 2143 ipsi
2041 2107 2138 2144 Legati
2155 2110 2351 2149 promiserint,

1292 2142 1370 2179 quod
1394 2141 1551 2172 immodica
1572 2143 1684 2173 suorum
1708 2144 1863 2181 negotiatio
1877 2167 1886 2180 ,
1912 2153 1960 2180 per
1979 2145 2056 2181 leges
2073 2145 2165 2184 Regni
2182 2147 2270 2178 nostri
2284 2159 2351 2188 pro-·

1291 2181 1400 2218 hibita,
1426 2182 1460 2212 δε
1477 2182 1565 2211 nimia
1583 2180 1752 2212 eorumdem
1774 2181 1963 2218 frequentatio
1987 2184 2016 2213 in
2042 2184 2203 2215 inferiorem
2226 2186 2351 2217 Germa-

1291 2219 1387 2256 niam,
1407 2227 1440 2249 ex
1454 2220 1511 2257 qua
1530 2230 1575 2256 re,
1595 2228 1696 2257 magna
1712 2219 1813 2249 nostris
1831 2222 2035 2250 mercatoribus
2050 2221 2153 2252 damna
2168 2224 2352 2265 acciderunt,

1292 2256 1464 2288 moderatior
1480 2257 1563 2296 esset,
1583 2268 1666 2297 atque
1681 2258 1753 2288 adeo
1771 2257 1904 2293 cessarem
1924 2260 1956 2290 ὃς
1973 2261 2108 2297 quoniam
2124 2271 2241 2300 propter
2255 2264 2353 2294 immi-

1289 2304 1388 2326 nentes
1401 2306 1566 2333 temporum
1581 2297 1613 2326 &
1631 2297 1812 2335 negotiorum
1828 2296 2008 2328 difficultates
2024 2321 2033 2336 ,
2061 2297 2211 2330 decretum
2231 2301 2297 2332 illud
2315 2303 2352 2334 de

1290 2336 1508 2372 privilegiorum
1531 2334 1690 2366 vestrorum
1715 2335 1905 2373 resumptione
1929 2336 2010 2374 plene
2026 2337 2136 2368 tractari
2150 2348 2351 2380 nonapoterat,

1290 2383 1339 2410 per
1355 2374 1430 2404 viam
1446 2373 1630 2404 solummodo
1649 2372 1772 2404 recessus
1787 2396 1797 2411 ,
1822 2383 2002 2404 conventum
2017 2374 2159 2414 est,quod
2173 2377 2284 2408 diuitum
2300 2380 2351 2410 de—

1290 2420 1400 2442 cretum
1416 2413 1568 2452 privilegiis
1579 2421 1626 2442 aut
1640 2413 1845 2442 mercatoribus
1860 2413 1957 2442 vestiis
1972 2415 2150 2451 praejudicare
2164 2426 2222 2446 non
2237 2417 2350 2457 debeat,

1291 2452 1444 2488 quominus
1459 2451 1511 2480 illis
1525 2459 1655 2488 utantur,
1672 2450 1798 2481 fruantur
1819 2451 1869 2480 illis
1884 2475 1893 2488 .,
1912 2452 2004 2482 modo
2020 2455 2051 2484 ὃ(
2068 2453 2181 2491 forma,
2199 2456 2301 2491 quibus
2315 2466 2350 2486 ex

1286 2490 1348 2526 jure
1370 2489 1514 2527 privilegia
1528 2498 1656 2528 poterant
1674 2490 1707 2521 &
1723 2490 1868 2520 deberent.
1889 2490 1929 2520 At
1945 2493 2013 2520 vero
2031 2491 2161 2522 Factores
2178 2492 2278 2529 vestri,
2298 2495 2349 2532 qui

1290 2526 1341 2557 hic
1362 2529 1544 2566 negotiantur
1558 2551 1567 2566 ,
1595 2527 1673 2558 nulla
1693 2527 1789 2558 habita
1804 2529 1912 2558 ratione
1927 2528 2054 2565 praedicti
2070 2530 2141 2559 illius
2154 2531 2297 2570 permissi,
2315 2535 2347 2564 in

1289 2574 1492 2603 contemptum
1522 2567 1661 2597 variarum
1691 2567 1889 2596 monitionum
1918 2568 2018 2604 quibus
2042 2569 2147 2598 crebro
2170 2571 2348 2609 graviterque

1290 2604 1449 2634 Conliliarii
1463 2604 1551 2634 nostri
1573 2604 1647 2641 apud
1669 2612 1718 2633 eos
1741 2605 1778 2634 usi
1794 2604 1872 2641 sunt,
1892 2614 1920 2634 ut
1936 2605 1968 2635 ei
1985 2607 2179 2637 moderatione
2195 2607 2250 2638 suas
2268 2618 2348 2640 exer-

1290 2651 1386 2673 cerent
1402 2643 1625 2680 negotiationes,
1644 2649 1675 2673 ut
1691 2651 1745 2673 riec
1759 2652 1811 2672 nos
1828 2643 1894 2672 inde
1908 2644 2032 2680 graviora
2045 2644 2147 2674 damna
2159 2668 2167 2683 ,
2183 2648 2271 2683 quam
2285 2648 2343 2678 fet-

1291 2691 1321 2711 re
1338 2682 1532 2720 potuerimus,
1549 2690 1714 2718 caperemus
1731 2702 1741 2717 ,
1757 2690 1810 2712 nec
1827 2680 1938 2711 Subditi
1955 2682 2045 2711 nostri
2057 2682 2161 2720 justam
2175 2685 2240 2714 inde
2254 2687 2347 2717 excla-

1293 2720 1389 2750 mandi
1409 2718 1591 2750 occasionem
1613 2720 1750 2749 haberent
1762 2741 1771 2756 ‚
1795 2720 1887 2757 primo
1910 2729 2026 2759 quoque
2040 2728 2170 2759 tempore
2184 2733 2258 2753 extra
2275 2734 2345 2754 orn-

1291 2767 1360 2788 nem
1383 2757 1504 2788 modum
1526 2759 1559 2788 &
1581 2759 1670 2797 magis
1691 2758 1778 2796 quam
1802 2766 1882 2788 antea
1897 2759 1972 2788 abusi
1986 2758 2048 2789 sunt
2066 2760 2115 2790 illo
2132 2761 2229 2791 nosti-o
2244 2763 2355 2794 benni--

1292 2797 1358 2835 cio,
1374 2796 1446 2827 adeo
1464 2804 1494 2827 ut
1509 2796 1528 2826 fi
1542 2806 1594 2827 nos
1609 2795 1738 2833 prosequi
1753 2793 1935 2827 voluissemus
1943 2797 1988 2835 jus
2002 2797 2162 2829 nostrarum
2177 2800 2272 2839 legum
2282 2825 2291 2839 ,
2304 2804 2350 2839 J‘u-

1291 2844 1321 2865 re
1336 2837 1434 2866 denuo
1449 2834 1633 2873 potuissemus
1647 2844 1784 2872 reponere
1799 2835 1829 2864 in
1842 2838 2043 2866 executionem
2059 2837 2169 2868 dictum
2184 2849 2329 2870 decretum
2339 2864 2348 2880 ,

1291 2875 1325 2905 &
1345 2874 1452 2905 auferre
1476 2873 1576 2903 itidem
1598 2874 1680 2903 vobis
1702 2882 1823 2903 omnem
1838 2873 1917 2903 usum
1933 2873 2093 2905 vestrorum
2111 2877 2345 2916 privilegiorum,

1289 2912 1320 2943 id
1343 2912 1422 2951 quod
1448 2922 1507 2942 non
1530 2911 1653 2942 fecimus
1667 2934 1677 2949 ,
1698 2911 1743 2941 sed
1765 2912 1931 2941 accersimus
1955 2913 1988 2942 ad
2005 2923 2073 2950 nos,
2093 2923 2185 2944 certos
2200 2925 2233 2944 ex
2249 2916 2346 2947 vestris

1289 2950 1553 2990 Factoribus‚quos
1565 2959 1661 2981 coetus
1675 2949 1720 2980 ille
1734 2950 1875 2987 delegerat
1888 2952 2007 2981 nomine
2021 2951 2210 2989 reliquorum,
2226 2954 2258 2983 ὃς
2273 2965 2347 2984 con-

1289 2988 1429 3020 stituimus
1457 2989 1684 3019 moderationem
1703 3010 1712 3025 ,
1736 2998 1794 3018 non
1817 2988 1891 3018 illam
1915 2989 2031 3025 quidem
2053 2990 2258 3020 intolerabilem
2275 3015 2283 3029 ,
2312 3001 2344 3024 uc

1289 3038 1341 3057 vos
1354 3026 1495 3065 appellatis
1510 3048 1520 3065 ,
1544 3026 1590 3057 sed
1606 3028 1644 3057 ita
1657 3027 1825 3063 limitatam,
1843 3035 1874 3056 ut
1888 3028 1971 3056 nobis
1984 3027 2171 3058 solummodo
2188 3029 2342 3068 nostrisque

1287 3065 1412 3096 Subditis
1423 3065 1517 3105 gravis
1532 3065 1619 3095 videri
1634 3065 1751 3099 debeat,
1766 3066 1793 3094 in
1809 3074 1861 3102 qua
1874 3066 1958 3094 etiam
1972 3076 2041 3103 vos,
2055 3065 2127 3103 justi
2141 3067 2176 3097 de
2193 3068 2271 3098 causa
2281 3091 2290 3106 ,
2305 3071 2340 3100 &

1286 3104 1399 3142 optima
1413 3104 1520 3134 ratione
1533 3103 1709 3141 acquiescere
1725 3103 1849 3133 debeatis
1862 3125 1871 3139 ,
1889 3103 1957 3133 cum
1972 3104 2016 3134 illa
2032 3105 2113 3134 latius
2130 3114 2234 3143 pateat,
2254 3108 2340 3144 quam

1286 3143 1391 3173 nostrae
1411 3143 1499 3173 ferant
1520 3142 1593 3180 leges
1612 3143 1645 3172 ὃς
1660 3142 1796 3179 majorem
1814 3141 2052 3171 commoditatem
2067 3142 2172 3173 adferat
2187 3145 2285 3182 vobis,
2304 3154 2339 3177 ac

1285 3181 1381 3212 vestris
1397 3181 1420 3211 F
1423 3180 1585 3218 atstoribus,
1604 3180 1690 3218 quam
1708 3179 1793 3210 vestri
1814 3179 2031 3216 praedecess'ores
2047 3190 2201 3220 ceperunt,
2221 3191 2253 3212 ex
2275 3184 2339 3214 illo-

1284 3228 1348 3250 rum
1362 3219 1512 3259 privilegiis
1528 3219 1642 3257 quando
1659 3219 1753 3255 primo
1777 3226 1907 3254 tempore
1930 3218 1981 3247 illis
2001 3219 2134 3248 concessa
2155 3220 2266 3251 fuerunt
2282 3245 2291 3257 ,
2309 3222 2339 3254 id

1282 3259 1361 3296 quod
1383 3267 1417 3288 ex
1440 3258 1488 3287 usu
1513 3257 1683 3287 eorumdem
1695 3278 1705 3293 ‚
1732 3256 1826 3286 multis
1841 3256 1972 3294 deinceps
1990 3258 2068 3286 annis
2085 3280 2094 3294 ,
2123 3258 2192 3287 cum
2210 3261 2287 3290 reete
2303 3262 2338 3291 δε

1276 3297 1354 3335 juste
1367 3296 1585 3333 exercebantur,
1605 3296 1687 3332 plane
1702 3303 1833 3332 apparere
1850 3295 1960 3330 poterit.
1987 3295 2024 3325 Et
2041 3297 2175 3332 quoniam
2192 3297 2253 3327 hzec
2266 3299 2337 3335 justa

1279 3337 1312 3366 ὅς
1329 3335 1484 3365 favorabilis
1501 3334 1657 3364 moderatio
1672 3333 1766 3363 nostra
1780 3331 1939 3362 offenderat
1952 3341 2046 3363 certos
2059 3343 2092 3363 ex
2110 3334 2199 3365 vestra
2208 3335 2336 3368 Societa-

1279 3384 1324 3411 te,
1344 3375 1392 3410 qui
1405 3374 1487 3403 nimis
1501 3373 1535 3403 ad
1554 3381 1614 3402 rem
1627 3371 1706 3401 suani
1720 3372 1752 3401 δε
1768 3372 1914 3408 proprium
1938 3370 2077 3413 quaestum
2093 3375 2191 3404 attenti
2209 3374 2338 3414 fuerant,

1279 3413 1362 3443 facile
1379 3411 1564 3448 intelligimus
1579 3410 1692 3440 eosdem
1719 3410 1778 3440 hoc
1802 3410 1946 3448 negotium
1961 3409 2068 3440 sinistre
2085 3411 2117 3439 ad
2135 3421 2185 3441 vos
2196 3412 2333 3445 detulili'e.

1280 3451 1349 3489 Qua
1365 3450 1514 3480 occasione
1534 3448 1642 3486 arrepta
1666 3458 1717 3477 vos
1741 3448 1796 3477 liue
1812 3447 1921 3485 legastis
1937 3447 2007 3477 duos
2021 3448 2154 3478 Oratores
2168 3450 2223 3480 sive
2239 3451 2333 3481 Com-

1278 3490 1429 3525 missarios,
1448 3489 1495 3525 qui
1516 3496 1697 3525 procurarent
1710 3487 1926 3529 revocationem
1939 3486 2174 3528 &abolitionem
2190 3490 2331 3526 ptaedi'ctae

1277 3528 1383 3558 nostrae
1405 3527 1604 3557 moderationis
1625 3534 1709 3562 atque
1727 3524 1841 3554 decreti.
1869 3523 1927 3554 Cui
1943 3533 1982 3553 rei
1999 3534 2173 3563 quamquam
2191 3538 2262 3565 nos,
2280 3538 2330 3558 ne-

1278 3577 1334 3604 que
1349 3576 1417 3596 curn
1433 3565 1531 3595 nostro
1545 3564 1672 3600 honore,
1691 3571 1783 3600 neque
1802 3562 1858 3592 line
1874 3561 1974 3599 injuria
1989 3562 2064 3593 fasti
2079 3564 2178 3594 nostris
2188 3566 2330 3604 Subditis,

1276 3605 1433 3635 consentire
1455 3604 1599 3641 potuimus
1619 3623 1629 3639 ,
1659 3609 1753 3630 tamen
1777 3601 1809 3630 ad
1839 3600 1995 3637 respectum
2016 3602 2167 3633 charilsiini
2190 3603 2273 3633 nostri
2295 3605 2332 3634 δε

1277 3643 1416 3682 Coniugis
1433 3643 1466 3673 &
1482 3640 1606 3671 Domini
1620 3661 1629 3675 ,
1654 3640 1687 3670 &
1703 3639 1730 3667 in
1747 3638 1952 3682 evidentiorem
1970 3639 2244 3671 demonstrationem
2269 3641 2328 3672 stu<

1275 3684 1313 3714 dii
1331 3681 1419 3712 nostri
1441 3680 1477 3711 ad
1499 3677 1719 3709 continuandam
1745 3686 1873 3707 mutuam
1895 3686 1966 3708 inter
1982 3687 2036 3708 nos
2056 3681 2230 3716 amicitiam,
2249 3682 2327 3710 auxi-

1276 3731 1338 3752 mus
1355 3721 1430 3750 illam
1446 3717 1690 3750 moderationem,
1707 3715 1759 3744 hac
1782 3716 1875 3746 addita
1890 3716 2074 3755 conditione,
2090 3727 2119 3746 ut
2137 3719 2206 3747 certi
2226 3717 2326 3749 Com-¹

1277 3759 1390 3789 miss‘arii
1409 3780 1419 3795 ,
1443 3765 1513 3786 cum
1533 3754 1627 3784 debita
1650 3754 1817 3784 authoritate
1833 3775 1843 3791 ,
1867 3753 1922 3784 huc
1943 3754 1958 3784 a
1979 3756 2061 3784 vobis
2084 3758 2262 3787 mitterentur
2289 3757 2324 3788 ad

1276 3804 1455 3828 conventum
1480 3792 1684 3824 celebrandum
1705 3792 1733 3820 in
1756 3791 1814 3821 hoc
1837 3801 1927 3828 regno
1943 3815 1953 3831 ‚
1978 3794 2048 3822 intra
2069 3803 2175 3823 annum
2194 3796 2325 3832 proxime

1274 3837 1435 3873 sequentem
1446 3855 1456 3870 ,
1472 3832 1508 3861 ad
1523 3829 1726 3861 conferendum
1741 3830 1774 3860 &
1789 3831 2017 3860 concludendum
2034 3840 2104 3860 cum
2125 3831 2227 3863 nostris
2242 3833 2257 3862 a
2269 3843 2325 3862 ηο-ὅ

1275 3875 1317 3904 bis
1330 3870 1508 3909 delegandis,
1527 3869 1562 3899 de
1576 3867 1652 3899 certa
1665 3868 1846 3906 intelligentia
1862 3869 1894 3899 &
1904 3869 1982 3907 justo
1997 3868 2043 3898 usu
2061 3868 2222 3900 vestrorum
2236 3872 2324 3908 privi-³

1273 3912 1420 3950 legiorum.
1439 3908 1521 3938 Cum
1536 3908 1591 3944 jam
1603 3916 1690 3936 annus
1706 3906 1897 3944 praeteriisset,
1913 3909 1945 3937 δε
1961 3917 2012 3936 nos
2028 3917 2087 3936 non
2103 3909 2222 3938 minime
2240 3910 2325 3939 mira-

1274 3951 1296 3980 ti
1316 3948 1451 3984 essemus,
1470 3946 1547 3983 quod
1563 3944 1633 3974 nihil
1645 3955 1661 3974 a
1674 3946 1757 3975 vobis
1775 3945 1992 3980 audivissemus,
2011 3954 2073 3974 tum
2090 3946 2172 3975 vestri
2190 3946 2321 3977 Facstores

1274 3987 1429 4026 significant
1443 3985 1540 4021 nobis,
1558 3983 1639 4021 quod
1659 3982 1742 4014 vestri
1758 3982 1953 4013 Commiffarii
1975 3983 2009 4012 ad
2026 3982 2099 4012 hanc
2112 3984 2233 4026 ‚causam
2250 3994 2322 4014 con-

1274 4026 1380 4062 stituti,
1399 4024 1486 4055 essent
1506 4023 1536 4052 in
1556 4023 1673 4058 itinere,
1699 4022 1731 4052 ὃ(
1751 4021 1831 4059 quud
1847 4022 1917 4051 intra
1933 4021 2056 4057 spacium
2071 4031 2194 4063 quinque
2209 4022 2323 4052 hebdo-

1274 4064 1420 4094 madarum
1443 4062 1500 4090 huc
1524 4061 1703 4098 pervenirent
1718 4082 1727 4098 ,
1753 4061 1786 4090 &
1811 4058 1986 4096 postulabant
2009 4060 2024 4088 a
2047 4059 2131 4101 nobis
2147 4060 2321 4103 ut'praedit‘jizi

1274 4099 1436 4135 conventfis
1451 4099 1508 4132 dies
1522 4101 1552 4130 iti
1566 4098 1633 4129 illud
1649 4107 1760 4136 tempus
1774 4097 1949 4135 differretur,
1968 4098 2001 4129 &
2016 4105 2046 4127 ut
2056 4105 2159 4128 interea
2174 4097 2229 4129 illas
2245 4108 2322 4128 mer-

2264 4146 2311 4168 ces
