2561 4263
187 137 245 176 90

48 212 128 246 Anti.
140 209 181 242 D·
234 211 401 243 Willis-lmus
417 211 590 248 Hollington,
611 209 759 244 Clericus,
783 205 820 236 ad
835 204 1007 235 Reeoriam
1031 200 1158 234 Ecclesie
1173 211 1257 239 paro-

70 254 163 293 ¹⁶4¹·
199 252 297 282 chialis
310 252 346 282 de
361 249 558 287 Allnechurch‚
578 247 711 278 Diocesis
731 243 959 286 Wigorniffijam
980 251 1157 279 vacantem,
1177 241 1258 272 &ad

53 296 107 322 An.
126 304 169 330 ¹7-
203 290 327 322 nostram
350 290 585 327 presentationem
606 295 656 323 per
680 284 851 323 pravitatem
872 282 1004 312 Simonie
1023 282 1097 318 (pro
1111 280 1168 310 hac
1186 277 1264 315 vice)

53 335 118 364 Car.
138 343 161 362 ι.
202 331 395 368 speciantem3
417 328 455 358 Et
469 327 631 364 diriguntur
650 324 686 353 he
701 323 797 354 Litere
812 321 948 352 Domino
964 318 1111 359 Johanm',
1137 320 1269 356 Wigorme

99 381 143 400 21.

108 607 154 625 20.

115 1071 158 1098 ι’.

117 1806 159 1835 17·

118 2190 160 2217 16.

109 2577 120 2595 ι
123 2577 151 2604 5.

113 2980 159 3006 η..

69 3118 162 3150 *ἵὶὶ

64 3142 131 3194 52‘2.

119 3446 163 3483 ις’.

109 3853 157 3885 jn.

204 370 363 409 Episcopo.

241 407 331 440 Teste
347 405 428 445 Rege
444 402 518 442 apud
534 399 813 441 Wstmonasterium‚
833 396 972 430 vicesimo
985 406 1068 427 nono
1080 395 1126 426 die
1146 396 1232 425 Maii.

762 478 816 507 Per
830 477 926 505 Breve
944 475 976 505 de
994 476 1117 505 Privato
1135 470 1238 511 sigillo.

245 571 391 612 Johannes
411 567 503 606 Tolly,
523 565 675 602 Clericus,
696 563 731 595 ad
749 563 923 596 Rectoriam
947 563 982 594 &
1005 560 1166 593 Ecciefiarn
1187 568 1274 599 paro-

209 612 330 644 chialem
353 608 390 639 tie
410 605 569 646 Tatingston
589 605 652 635 alias
671 602 802 642 Tadiston
827 605 855 633 in
871 602 1026 633 Comitatu
1042 598 1178 639 Suffirlcie‚
1201 599 1275 630 Pro-

209 651 304 682 viiicie
319 647 543 685 Cantuarienfis,
565 653 614 682 per
631 651 756 673 mortem
782 641 941 674 naturalem
956 640 1054 671 ultimi
1074 638 1274 669 incumbentis

208 689 317 720 ibidem
332 688 386 723 jam
401 693 549 715 vacantem
560 705 570 721 ,
590 683 624 713 &
639 681 674 713 ad
687 679 816 711 nostram
832 680 1088 719 presentationem,
1103 678 1211 708 ratione
1219 676 1276 706 mi-

208 728 286 758 noris
298 726 378 756 etatis
392 721 561 753 Elizabethe
569 723 735 758 Brownrigg
746 728 794 751 aut
809 729 861 759 pro
870 719 984 749 defeetu
997 717 1171 748 liberationis
1183 716 1200 745 ὲ
1213 723 1275 745 ma-

207 767 291 796 nibus
304 763 405 794 nostris
418 762 529 799 sumpte
545 770 598 798 pro
623 759 679 790 hac
697 761 760 789 vice
784 758 979 797 spectantem,
1002 756 1037 786 Et
1060 756 1218 794 diriguntur
1239 754 1276 783 he

209 805 305 835 Litere
321 802 456 833 Domino
470 798 620 831 Willtelmo
629 797 838 837 ,cantuarienfi
851 794 1099 834 Archiepiscopo,
1111 795 1220 824 ratione
1228 802 1279 824 va-

212 843 334 876 cationis
347 840 417 872 sedis
431 839 605 879 Episcopalis
619 835 819 876 Norwicenfis.

247 880 338 913 Teste
354 880 436 919 Rege
448 877 523 917 apud
537 875 813 918 Wefhnonasterium,
831 875 953 916 septimo
969 873 1016 904 die
1023 871 1121 912 Junii.

763 955 818 983 Per
837 955 930 982 Breve
948 950 981 980 de
1000 952 1126 981 Privato
1143 947 1245 988 sigillo.

252 1044 420 1078 Willielmus
441 1041 566 1079 Walter,
590 1039 735 1079 Clericus,
762 1039 799 1070 A.
826 1038 873 1069 M.
897 1038 935 1069 ad
955 1037 1127 1069 Rec'toriam
1150 1035 1279 1067 Ecclesie

211 1084 381 1124 parochialis
396 1082 432 1113 de
446 1078 604 1119 Southpoole
616 1080 645 1109 in
659 1078 808 1109 Comitatu
834 1080 973 1115 Devenie,
998 1076 1131 1108 Diocesis
1154 1077 1282 1113 Exonie,

207 1126 271 1164 jam
285 1130 452 1158 vacantem,
472 1122 505 1152 ὅ(
516 1121 550 1150 ad
564 1118 690 1148 nostram
713 1118 952 1156 presentationem
975 1126 1024 1154 per
1041 1116 1209 1154 pravitatem
1234 1114 1282 1144 Si-

212 1164 312 1193 monie
329 1164 395 1200 (pro
409 1161 462 1190 hac
476 1157 552 1194 vice)
569 1158 764 1195 spe&antem3
787 1154 824 1187 Et
837 1155 995 1195 diriguntur
1009 1155 1047 1185 he
1061 1154 1158 1185 Litere
1171 1152 1284 1184 Domi-

214 1211 256 1233 no
271 1199 408 1240 Jofipho,
426 1200 534 1227 Exonie
552 1196 707 1234 Episcopo.

253 1241 343 1272 Teste
364 1238 448 1276 Rege
465 1235 540 1275 apud
557 1233 836 1275 Wstmonasterium,
852 1232 978 1271 septimo
995 1230 1042 1262 die
1059 1231 1155 1270 Junii.

773 1311 827 1340 Per
845 1311 940 1340 Breve
957 1309 989 1339 de
1005 1310 1130 1339 Privato
1143 1305 1244 1346 Sigillo.

257 1402 420 1435 willielmus
442 1400 534 1440 Hall,
558 1399 708 1437 Clericus,
737 1397 773 1429 ad
795 1396 968 1428 Rectoriam
992 1394 1119 1427 Ecclefie
1139 1394 1292 1433 parochia-

219 1445 252 1476 lis
273 1444 309 1475 de
329 1446 484 1480 Avening,
510 1439 643 1471 Diocesis
658 1437 835 1477 Gtoucestrie,
856 1437 917 1474 jam
943 1443 1113 1472 vacantem,
1136 1437 1170 1465 &
1185 1434 1220 1464 ad
1234 1443 1290 1464 no—

218 1484 303 1514 stram
319 1481 554 1520 presentationem
570 1489 619 1517 per
636 1478 807 1516 pravitatem
822 1475 955 1506 simonie
980 1476 1046 1513 (pro
1060 1474 1115 1504 hac
1128 1472 1204 1509 vice)
1227 1473 1289 1510 spe-

217 1524 362 1567 ctantem,
380 1520 418 1551 Et
433 1520 593 1558 diriguntur
612 1517 650 1547 he
672 1515 770 1546 Litere
794 1512 931 1544 Domino
951 1512 1107 1552 Godfrido,
1131 1512 1292 1550 Glouceltrie

216 1561 435 1638 Ερὶῐςὲῗὶὲἳζεςε
448 1594 521 1635 apud
536 1591 798 1635 Wstmonasterium
807 1613 818 1629 ,
832 1589 991 1621 undecimo
1005 1587 1052 1620 die
1064 1588 1162 1628 Junii.

762 1669 818 1698 Per
836 1670 933 1697 Breve
954 1666 987 1697 de
1009 1668 1132 1697 Privato
1149 1664 1253 1705 sigillo.

256 1765 409 1796 Herbertus
424 1760 538 1800 crofts,
556 1759 586 1791 S.
601 1757 644 1789 T.
657 1755 693 1787 P.
709 1755 745 1786 ad
758 1754 972 1797 Oanonicatum
986 1753 1043 1785 five
1058 1753 1239 1786 Prebendam
1255 1753 1288 1784 il-

217 1805 291 1842 lam,
312 1806 339 1833 in
355 1801 478 1832 Ecclesia
494 1801 589 1829 nostra
604 1795 766 1834 Collegiata
782 1795 838 1824 sive
854 1793 942 1823 libera
955 1792 1069 1831 Capella
1095 1793 1191 1824 nostra
1213 1794 1289 1831 regia

217 1844 313 1874 Sandli
326 1844 435 1877 Georgii
454 1839 524 1870 infra
542 1835 679 1867 Castrum
697 1833 827 1864 nostrum
843 1832 879 1862 de
900 1833 942 1861 W
944 1831 1036 1871 indsbr
1042 1855 1051 1869 ,
1070 1841 1157 1871 quam
1174 1832 1290 1870 Johan.

215 1893 262 1913 nes
279 1879 471 1917 Pocklingion,
490 1877 520 1907 S.
531 1876 572 1906 T.
588 1875 619 1905 P.
635 1882 725 1912 nuper
741 1872 842 1902 habuit
857 1872 891 1902 ὃ(
913 1879 1019 1908 tenuit,
1033 1872 1093 1909 jam
1115 1879 1266 1903 vacantem
1279 1893 1290 1909 ‚

215 1923 250 1954 &
269 1920 305 1950 ad
327 1919 455 1949 nostram
478 1914 679 1946 Collationcm
701 1913 735 1943 &
757 1911 875 1942 liberam
893 1909 1106 1949 dispositionem
1124 1910 1213 1948 pleno
1222 1910 1287 1949 jure

215 1959 444 2035 spefiffeeffege
456 1993 531 2033 apud
545 1987 807 2032 westmonasterium
816 2009 827 2025 ,
844 1986 983 2020 vicesimo
996 1986 1105 2019 oetavo
1119 1986 1167 2019 die
1184 1987 1275 2026 Junii.

768 2067 823 2095 Per
842 2067 936 2095 Breve
955 2064 987 2095 de
1005 2066 1131 2096 Privato
1148 2063 1252 2103 Sigillo.

253 2160 382 2194 Georgius
393 2152 551 2192 stanhope,
569 2149 599 2182 S.
612 2149 654 2180 T.
670 2147 705 2179 P.
720 2147 755 2178 ad
779 2145 950 2178 Rectoriam
974 2145 1102 2177 Ecclesie
1120 2144 1292 2184 parochialis

217 2197 253 2228 de
272 2196 374 2226 Bolton
388 2197 486 2230 Percy,
505 2189 641 2231 Diocesis·
652 2186 845 2225 Eboracenfis,
864 2195 913 2222 per
930 2194 1057 2216 mortem
1075 2187 1231 2216 naturalem
1247 2186 1289 2215 ul-

218 2238 280 2267 timi
298 2234 494 2266 lncumbentis
508 2231 618 2260 ibidem
632 2236 694 2265 Jam
713 2233 881 2261 vacantem,
899 2224 932 2256 ὃς
951 2224 985 2254 ad
1006 2224 1133 2255 nostram
1146 2223 1288 2262 presenta-

217 2277 328 2306 tionem
344 2273 452 2302 ratione
467 2269 621 2300 vacationis
644 2264 911 2301 Archiepiscopatus
933 2262 1129 2302 Eboracenfis,
1154 2272 1207 2300 pro
1231 2264 1287 2293 hac

218 2315 282 2343 vice
300 2313 491 2349 spectantem,
512 2307 549 2337 Et
565 2306 722 2343 diriguntur
740 2304 776 2333 he
791 2303 889 2333 Litere
907 2300 1217 2341 Decano&Capitulo
1226 2301 1287 2333 Ec-

219 2353 300 2383 cleiie
317 2348 495 2381 cathedralis
508 2343 697 2384 Eboracenfis.

253 2389 344 2422 Teste
360 2388 447 2426 Rege
471 2385 547 2423 apud
569 2379 841 2423 westmonasterium,
863 2378 983 2409 decimo
1000 2386 1108 2417 quarto
1134 2376 1182 2409 die
1200 2377 1289 2416 Julii.

783 2458 838 2487 Per
856 2459 952 2487 Breve
965 2455 998 2486 de
1016 2457 1124 2486 Pivato
1142 2454 1247 2493 Sigillo.

252 2543 406 2576 Richardur
422 2539 537 2580 Marfh,
556 2538 584 2570 S.
600 2536 642 2567 T.
659 2534 692 2565 P.
716 2534 751 2565 ad
774 2533 1042 2577 Archidaconatum
1068 2532 1286 2573 Ehracenftm,

214 2587 243 2616 in
262 2583 389 2615 Eccleiia
400 2580 563 2612 Cathedrali
578 2574 759 2613 Eboracensz,
774 2583 836 2611 Jam
853 2583 902 2611 per
918 2581 1043 2603 mortem
1058 2573 1218 2603 naturalem
1237 2573 1281 2602 ul-

214 2625 278 2655 timi
293 2622 490 2653 incumbentis
502 2618 607 2648 ibidem
622 2614 832 2656 vacantem,&
849 2613 883 2641 ad
902 2611 1029 2652 nostram
1046 2611 1283 2648 presentationem

213 2663 322 2693 ratione
339 2660 502 2691 Vacationis
524 2655 789 2691 Archiepilcopatus
812 2651 932 2690 predicti
953 2652 1026 2690 (pro
1042 2651 1097 2680 hac
1117 2650 1200 2686 vice)
1222 2651 1284 2687 spe-

213 2701 359 2736 &antem3
385 2698 423 2728 Et
445 2697 603 2734 diriguntur
627 2693 663 2721 he
685 2691 779 2722 Literc
803 2690 927 2720 Decano
948 2691 981 2719 ὅτ.
1004 2688 1138 2727 Capitulo
1153 2688 1282 2720 Ecclefie

215 2738 394 2770 Catliedralis
408 2734 592 2773 Eboracenfis.

253 2776 345 2808 Teste
365 2775 449 2814 Rege
461 2773 536 2811 apud
552 2766 829 2810 westmonasterium,
847 2766 988 2798 viccfimo
1002 2766 1098 2805 primo
1111 2765 1158 2798 die
1180 2765 1266 2805 Julii,

695 2851 750 2879 Per
771 2852 865 2878 Breve
885 2847 916 2876 de
937 2848 1060 2876 Privato
1074 2845 1179 2885 Sigillo.

250 2939 368 2977 Egideus
381 2935 508 2975 Bingley‚
526 2933 657 2965 Clericus
668 2954 677 2969 ,
697 2929 734 2960 A.
750 2929 798 2960 Μ.
823 2929 857 2960 ad
872 2927 1024 2972 *Vicariam
1047 2926 1175 2959 Ecclefie
1195 2937 1282 2967 paro—

214 2980 309 3010 chiiiis
324 2978 359 3008 de
374 2976 512 3015 stanford
525 2977 554 3003 in
570 2971 652 3002 Valla
665 2970 697 2999 de
713 2968 902 3007 Whitehoije,
920 2977 991 2998 cum
1007 2966 1123 3005 Capella
1136 2968 1173 2998 de
1194 2966 1280 3007 Goosy

215 3020 243 3048 in
261 3016 373 3047 Dioceii
391 3019 503 3051 Sarum,
524 3007 731 3048 cantuarienfis
756 3008 929 3045 Provincie,
946 3016 994 3046 per
1016 3005 1136 3036 liberam
1160 3007 1280 3044 resigna-

214 3059 326 3088 tionem
341 3054 483 3085 Anthoniz'
494 3051 624 3091 clopton,
643 3049 672 3079 S.
689 3048 730 3078 Τ.
745 3046 780 3090 P,
792 3048 886 3077 ultimi
899 3044 1099 3076 incumbentis
1114 3047 1282 3083 earundem,

211 3097 272 3134 jam
288 3103 456 3131 vacantem,
476 3093 508 3122 δε
523 3091 559 3121 ad
573 3088 698 3120 nostram
709 3086 945 3126 presentationem
961 3094 1012 3122 per
1025 3083 1147 3121 Lapsum
1167 3085 1186 3103 *²
1205 3094 1281 3115 tem-

215 3136 291 3173 poris
313 3133 376 3170 (pro
389 3133 441 3162 liac
458 3132 523 3162 vice
538 3129 730 3167 spectantem,
751 3124 789 3155 Et
803 3124 961 3163 diriguntur
975 3124 1012 3153 he
1027 3122 1121 3153 Litere
1143 3123 1282 3154 Domino

216 3172 366 3204 Willielmo
382 3167 575 3207 cantuariensi
595 3164 837 3203 Archiepiscopo,
852 3163 967 3194 ratione
988 3162 1143 3193 vacationis
1165 3161 1285 3200 Episco-

262 3222 291 3241 us
307 3215 413 3240 Sarum.

213 3221 340 3281 pag[este
353 3248 438 3288 Rege
451 3245 525 3285 apud
543 3240 821 3284 Wstmonasterium,
839 3239 1017 3270 duodecimo
1032 3238 1079 3269 die
1095 3237 1224 3279 Augusti.

711 3321 766 3348 Per
781 3319 877 3347 Breve
891 3316 924 3346 de
940 3317 1064 3346 Privato
1079 3315 1181 3354 Sigillo.

258 3404 353 3433 Petrus
366 3401 496 3439 mulin,
513 3398 544 3431 S.
559 3399 601 3430 T.
615 3396 651 3428 P.
669 3395 705 3427 ad
721 3394 891 3429 Reetoriam
906 3391 1033 3423 Ecclesie
1055 3392 1226 3432 parochialis
1246 3391 1282 3423 de

219 3442 403 3480 W2eldrake,
422 3439 554 3472 Dioceiis
570 3437 706 3474 Eborum,
725 3446 774 3475 per
799 3434 917 3465 liberam
939 3431 1156 3474 refignationem
1177 3435 1286 3468 Georgii

218 3479 376 3517 stanhope,
391 3482 422 3512 S.
434 3480 477 3510 T.
493 3479 528 3510 P.
543 3476 637 3507 ultimi
650 3473 848 3507 incumbentis
870 3471 1013 3512 ejusdem,
1033 3479 1095 3507 jam
1113 3478 1282 3508 vacantem,

217 3519 252 3550 &
270 3520 305 3550 ad
321 3518 446 3549 nostram
461 3516 715 3557 presentationem,
733 3515 841 3545 ratione
861 3510 1018 3551 vacationis
1033 3509 1279 3551 'Archiepi'scopa-

215 3566 260 3589 tus
275 3556 449 3595 Eborac-enfis
469 3558 533 3593 (pro
548 3555 604 3585 hac
618 3553 696 3589 vice)
713 3552 905 3591 spectantem5
925 3548 964 3579 Et
985 3546 1146 3584 diriguntur
1167 3547 1204 3577 he
1226 3547 1279 3577 Li-

215 3605 276 3627 tere
293 3596 416 3626 Decano
433 3595 466 3624 &
475 3593 610 3631 Capitulo
624 3592 752 3623 Ecclesie
766 3588 942 3622 Cathedralis
954 3584 1147 3626 Eboracenfis‚
1166 3585 1277 3617 ratione

214 3636 370 3665 vacationis
387 3632 456 3663 sedis
470 3632 604 3670 predicte.

255 3673 347 3738 {este
366 3671 449 3709 Rege
473 3669 547 3710 apud
572 3667 850 3708 Wstmonasterium‚
871 3665 988 3697 decimo
1010 3663 1132 3703 septimo
1153 3661 1200 3693 die
1215 3664 1282 3693 Au-

217 3721 261 3749 grs,
278 3722 296 3740 ι.

760 3747 815 3775 Per
834 3747 929 3774 Breve
948 3742 981 3773 de
1000 3743 1124 3773 Privato
1140 3737 1243 3778 sigillo.

252 3825 414 3856 Edmundus
434 3827 537 3863 Tracy,
556 3821 702 3859 Clericus,
721 3820 758 3852 A.
782 3820 831 3851 M.
853 3820 888 3851 ad
902 3819 1069 3851 Re&oriam
1092 3815 1219 3849 Ecciefie
1231 3825 1280 3854 pa-

217 3865 348 3896 rochialis
360 3866 397 3895 de
412 3868 517 3901 Venney
532 3865 631 3891 Sutton
648 3861 676 3889 in
689 3859 841 3891 Comitatu
855 3859 965 3897 Wilts,
981 3855 1190 3895 Cantuarienfis
1206 3854 1278 3886 Pro·

216 3905 328 3941 vinde,
348 3914 399 3942 per
414 3902 575 3933 Simoniam
586 3901 645 3938 jam
659 3907 808 3927 vacantem
820 3921 830 3935 ,
846 3900 880 3930 &
899 3898 934 3929 ad
953 3897 1082 3927 nostram
1098 3895 1279 3933 pragmatio-

217 3952 286 3974 nem
304 3944 411 3973 ratione
425 3941 555 3971 Simonie
571 3937 695 3976 prediCte
712 3935 901 3975 spectantem,
918 3935 956 3966 Et
969 3936 1127 3974 diriguntur
1144 3934 1182 3964 he
1199 3933 1281 3963 Lite-

217 3992 247 4012 re
262 3981 395 4012 Domino
410 3978 575 4015 Willielmo,
592 3973 782 4013 cantuariensi
797 3974 1026 4014 Archiepiscopo
1037 3996 1047 4012 ,
1065 3973 1172 4004 ratione
1194 3980 1280 4004 vaca-

218 4021 305 4051 tionis
318 4019 388 4051 sedis
402 4016 575 4059 Episcopalis
588 4017 696 4045 Sarum.

582 112 1517 167 coNvENTioNEs,

1599 115 2042 163 LITERAE,

1339 200 1432 233 Teste
1446 200 1532 241 Rege
1547 200 1622 242 apud
1638 201 1915 243 IWstmonaster-ium,
1932 202 2060 234 secundo
2077 200 2124 233 die
2138 200 2266 241 Augusti.
2392 197 2474 230 Anii.
2487 194 2532 227 D.

2428 235 2516 276 1641-

2393 282 2446 307 AB.
2469 292 2511 318 17,

2396 325 2460 350 CM*-
2472 330 2499 351 1.

2452 367 2496 388 n.

1794 281 1848 309 Per
1866 281 1960 310 Breve
1977 280 2009 310 de
2028 282 2149 311 Privato
2167 278 2272 317 sigilla.

1345 355 1462 385 Thomas
1480 357 1633 396 Tripplctt,
1656 356 1806 396 Clericus,
1833 356 1869 386 ad
1885 355 2063 387 prebendam
2083 356 2142 389 five
2161 356 2379 388 Canonicatum

1309 394 1342 423 de
1357 398 1478 439 Fentori,
1496 397 1528 426 in
1544 396 1671 427 Ecclesia
1686 395 1850 427 Cathedrali
1873 394 2055 434 Eboracenfi‚
2073 405 2123 432 per
2145 405 2272 426 mortem
2295 405 2378 428 natu-

1311 432 1399 463 ralem
1414 433 1508 464 ultimi
1526 433 1711 466 Prebendarii
1724 435 1782 466 sive
1795 434 1942 466 Canonici
1956 434 2082 472 ejusdem
2097 435 2159 471 jam
2183 443 2331 466 vacantem
2346 436 2381 467 &

1311 471 1347 502 ad
1362 471 1490 502 nostram
1505 472 1741 509 presentationem
1754 475 1865 505 ratione
1880 473 2037 503 vacationis
2050 471 2321 512 Archiepiscopatus
2340 476 2383 503 Ε-

1311 509 1459 550 boracenfis
1485 512 1556 549 (pro
1567 511 1632 555 *hac
1656 510 1739 547 vice)
1765 512 1958 550 spediantem3
1983 510 2022 542 Et
2042 511 2202 550 diriguntur
2225 514 2262 544 he
2288 513 2385 544 Litere

1311 548 1437 618 Daecano
1449 549 1482 580 &
1498 548 1637 587 Capitulo
1650 549 1776 581 Ecclesie
1787 550 1967 582 Cathedralis
1980 549 2168 590 Eboracenfis,
2176 551 2232 588 ipsa
2244 552 2307 584 sede
2319 553 2384 592 jam

1311 599 1331 621 v
1348 598 1401 618 can
1415 599 1441 619 e.

1346 627 1438 659 Teste
1451 625 1535 667 Rege
1548 625 1622 668 apud
1635 625 1916 667 Wstmonasterium,
1932 627 2061 660 secundo
2076 627 2125 659 die
2140 627 2272 668 Augusti.

1805 705 1860 734 Per
1876 705 1972 734 Breve
1987 705 2020 734 de
2038 707 2160 736 Privato
2176 704 2280 744 sigillo.

1359 835 1408 867 De
1430 829 1651 867 Additamento
1674 833 1848 865 Armorum
1872 830 1991 876 conceffb
2015 830 2161 867 Martino
2184 835 2345 880 Trompe.

1320 915 1415 975 CA
1420 921 1478 949 Ro
1489 921 1585 957 LUS,
1603 918 1662 949 Dei
1675 917 1782 956 gratia,
1801 918 1910 954 Magne
1923 919 2093 956 Britannie,
2110 917 2270 954 Francie&
2283 920 2386 951 Hiber·
2406 920 2482 952 Anii.
2497 920 2540 953 D.

1359 1000 1364 1005 .
1391 958 1535 1003 n'ielRex,
1553 957 1619 989 fidei
1632 958 1782 995 defensor,
1801 955 1865 999 &f-
1888 955 2041 999 Univerfis
2056 957 2091 988 δε
2103 957 2227 997 Singulis
2244 958 2385 998 Regibus,
2426 961 2515 1000 1642.

1317 997 1518 1042 Principibus,
1545 996 1700 1035 Ducibus,
1727 995 1947 1038 Marchionibus
1960 1018 1970 1034 ,
1997 995 2165 1027 Comitibus
2179 1020 2189 1034 ,
2212 996 2388 1036 Bai-onibus,
2403 1003 2460 1027 Rot.
2479 1010 2504 1029 1.

1317 1037 1508 1074 Proceribus,
1527 1035 1665 1066 Dominis
1688 1037 1721 1067 &
1738 1033 1900 1065 Nobilibus
1923 1035 2157 1074 quibuscunque,
2174 1036 2209 1067 ad
2231 1045 2304 1076 quos
2323 1046 2387 1077 pre·
2407 1040 2495 1067 Trahi.

1319 1077 1409 1108 sentes
1424 1075 1518 1106 Litere
1532 1076 1729 1112 pervenerint,
1747 1073 1884 1104 Salutem.
2406 1083 2475 1114 penes

1358 1114 1451 1158 Quod
1471 1113 1567 1152 Reges
1587 1113 1693 1144 excelsa
1712 1122 1808 1144 rerum
1830 1111 1864 1141 ad
1886 1110 1992 1151 fastigia
2013 1121 2064 1150 pre
2086 1113 2186 1144 ceteris
2208 1113 2302 1144 evecti
2322 1112 2393 1153 fint,
2408 1115 2525 1144 Prothon.

1320 1163 1383 1184 non
1396 1153 1479 1197 aliam
1494 1153 1584 1191 magis
1595 1152 1636 1181 ob
1651 1151 1760 1182 causam
1788 1150 1898 1181 factum
1916 1152 2103 1189 arbitramur,
2127 1161 2214 1191 quam
2233 1160 2265 1183 ut
2287 1151 2393 1184 Divini
2407 1164 2444 1183 m.
2462 1163 2509 1191 35.

1323 1192 1467 1237 Numinis
1483 1192 1580 1235 ·(cujus
1593 1189 1644 1220 sub
1658 1189 1782 1229 Imperio
1796 1188 1946 1227 Principes
1961 1190 2123 1229 Populique
2133 1192 2213 1229 juxta
2223 1190 2394 1229 considunt)

1320 1230 1465 1299 {ustitiam
1481 1238 1629 1260 imitentur
1639 1251 1648 1267 ‚
1664 1229 1809 1266 supremus
1822 1229 1960 1259 omnium
1974 1228 2121 1260 Dominus
2131 1239 2161 1261 ut
2178 1241 2263 1268 penas
2277 1231 2319 1261 ob
2334 1231 2396 1261 sce-

1335 1279 1400 1307 era,
1416 1269 1454 1299 ita
1469 1267 1582 1299 Premia
1598 1267 1746 1298 Virtutum
1759 1267 1816 1297 illas
1839 1266 1952 1298 Malitie
1975 1269 2144 1306 retinacula,
2171 1270 2226 1301 hec
2246 1269 2397 1307 probitatis

1324 1309 1469 1339 incentiva
1480 1317 1566 1345 ,equa
1580 1316 1667 1338 manu
1682 1306 1857 1337 Mortalibus
1871 1307 2014 1343 impendit
2023 1319 2033 1344 ·,
2042 1306 2112 1338 Nos
2124 1309 2218 1348 itaque
2232 1318 2301 1340 eum
2317 1309 2396 1339 sum-

1326 1349 1367 1378 mi
1384 1346 1492 1377 Mundi
1508 1346 1645 1377 Rectoris
1657 1345 1806 1382 ordinem,
1824 1344 1904 1383 vigili
1926 1354 1980 1384 qua
2003 1345 2088 1376 decet
2114 1356 2228 1385 mente,
2247 1347 2400 1385 suspicien-

1325 1395 1367 1417 tes
1378 1408 1388 1424 ,
1406 1386 1518 1424 ejusque
1533 1385 1567 1416 ad
1579 1384 1732 1424 Exemplar
1749 1392 1779 1415 ut
1801 1382 1870 1413 effin
1892 1391 1953 1414 atur
1983 1382 2130 1421 Regimen
2146 1385 2278 1416 nostrum
2299 1386 2399 1417 sedulo

1325 1425 1483 1456 adnitentes
1500 1447 1511 1463 ,
1547 1423 1632 1455 Viros
1651 1422 1782 1454 Eximios
1803 1421 1841 1453 de
1901 1422 1964 1452 obis
1977 1444 1987 1461 ,
2010 1421 2168 1462 Rebusque
2191 1425 2314 1462 publicis
2335 1433 2401 1464 pre-

1328 1464 1404 1495 clare
1427 1465 1546 1494 meritos
1565 1486 1575 1501 ,
1612 1462 1712 1493 debito
1739 1461 1840 1493 favore
1868 1460 2080 1500 prosequendos
2099 1485 2109 1501 ,
2145 1463 2178 1495 &
2196 1463 2278 1502 juxta
2301 1473 2398 1494 rerum

1326 1502 1391 1573 g'se
1411 1501 1554 1541 gestarum
1577 1501 1777 1533 conditionem
1797 1498 1879 1539 justis
1898 1499 2058 1531 honoribus
2075 1500 2256 1534 decorandos
2275 1501 2331 1534 effe
2352 1503 2400 1541 ju·

1348 1551 1461 1572 icamus.

1366 1579 1447 1624 Cum
1465 1580 1553 1618 igitur
1568 1587 1633 1619 egre
1655 1580 1696 1608 'us
1707 1578 1752 1609 vir
1767 1580 1902 1608 Dominus
1916 1579 2060 1608 Martinus
2067 1579 2285 1618 TrompeBelgi’a
2301 1580 2402 1611 oriun-

1326 1618 1395 1657 dus,
1413 1628 1567 1656 Vicemque
1592 1621 1616 1648 A
1643 1617 1741 1647 miralli
1763 1617 1812 1647 sub
1837 1615 2046 1647 Potentissimis
2066 1620 2215 1648 Unitarum
2236 1622 2402 1649 Provincia-

1327 1669 1388 1687 rum
1403 1657 1496 1695 Belgie
1509 1657 1658 1687 Ordinibus
1675 1655 1826 1691 sustinens,
1842 1665 1903 1685 non
1917 1654 2010 1686 solum
2024 1656 2065 1686 ob
2083 1666 2126 1686 res
2140 1656 2255 1688 summa
2278 1657 2403 1696 pruden-

1325 1696 1385 1735 tia,
1401 1695 1455 1727 fide
1471 1706 1505 1727 ac
1520 1694 1688 1726 fortitudine
1703 1705 1718 1725 a
1737 1693 1764 1724 se
1777 1692 1884 1733 gestaS,
1900 1703 2012 1724 nomen
2030 1695 2196 1734 famamque
2216 1696 2294 1727 suam
2315 1696 2403 1736 longe

1326 1735 1437 1773 lateque
1449 1735 1628 1773 dilataverit,
1646 1733 1692 1764 sed
1716 1732 1786 1764 Nos
1809 1731 1922 1770 insuper
1942 1733 1976 1764 δε
1996 1732 2123 1764 subditos
2144 1734 2259 1765 nostros
2275 1735 2406 1775 singulari

1325 1775 1453 1819 quodam
1469 1773 1564 1804 studio
1579 1774 1613 1804 ὅ(
1629 1770 1739 1803 affeetu
1753 1770 1937 1811 prosequutus
1951 1772 2034 1802 fuerit
2049 1783 2060 1811 3
2084 1771 2154 1803 Nos
2171 1781 2202 1804 ut
2223 1772 2320 1804 nostre
2336 1782 2403 1811 erga

1327 1813 1419 1852 ipsum
1440 1811 1647 1843 Benevolentie
1660 1811 1829 1842 duraturum
1841 1809 1958 1848 aliquod
1973 1811 2006 1841 &
2020 1811 2147 1842 notabile
2161 1811 2302 1843 indicium
2325 1820 2402 1844 eittet

1325 1851 1401 1890 apud
1422 1851 1574 1888 Posteros,
1603 1859 1782 1888 preterquam
1803 1848 1881 1887 quod
1900 1848 2026 1879 eundem
2047 1848 2216 1881 Dominum
2237 1854 2403 1881 Martinam

1325 1893 1438 1930 Trompe
1457 1891 1487 1921 in
1510 1889 1682 1928 Equestrem
1704 1887 1852 1919 Ordinem
1875 1886 2095 1926 adsciverimus,
2120 1898 2246 1927 eumque
2268 1891 2401 1929 Equitem

1325 1933 1472 1960 Auratum
1485 1929 1595 1959 solenni
1616 1936 1698 1958 more
1713 1926 1866 1958 fecerimus
1878 1936 1911 1957 ac
1927 1927 2135 1965 creaverimus,
2148 1927 2274 1959 Scutum
2290 1928 2404 1960 ulterius

1328 1968 1489 1999 Armorum
1507 1966 1609 2007 prefati
1622 1966 1747 1998 Domini
1763 1967 1892 1995 Martini
1915 1967 2030 2003 Tromp,
2053 1964 2090 1995 de
2111 1965 2287 2004 plenitudine
2307 1966 2404 2006 Regie

1326 2007 1423 2039 nostre
1446 2005 1595 2037 Potestati's
1616 2014 1650 2036 ac
1674 2002 1795 2042 favoris,
1826 2003 2081 2042 Supportatoribus‚
2107 2013 2193 2044 prout
2213 2005 2264 2036 hic
2287 2005 2403 2037 inferius

1327 2054 1503 2077 memoratur
1519 2045 1551 2076 &
1568 2045 1598 2074 in
1614 2043 1740 2081 margine
1759 2042 1931 2080 presentium
1947 2041 2095 2080 depietum
2121 2044 2264 2081 cernitur,
2287 2043 2403 2082 infigni-

1325 2086 1420 2116 vimus
1435 2084 1469 2116 &
1487 2083 1688 2115 decoravimus
1698 2104 1708 2120 ,
1726 2084 1788 2111 viz.
1825 2080 1938 2111 Duobus
1953 2081 2066 2120 Griphis
2079 2091 2136 2111 cum
2150 2081 2202 2111 alix
2215 2080 2397 2121 explicatisde

1325 2134 1410 2162 auro,
1428 2133 1541 2164 quorum
1556 2129 1670 2162 uterque
1686 2124 1714 2151 in
1723 2118 1803 2161 ftuto
1818 2119 1850 2149 de
1865 2122 1995 2157 Argento
2010 2132 2028 2149 a
2046 2120 2110 2150 collo
2132 2124 2161 2150 in
2176 2120 2277 2151 Balteo
2298 2121 2399 2152 ceruleo

1318 2163 1470 2202 pendenti,
1488 2160 1587 2201 Rosam
1604 2161 1715 2190 rubram
1731 2162 1879 2196 Argentea
1894 2158 2028 2198 repletam
2045 2157 2143 2229 gigas.

1360 2201 1501 2233 Volentes
1533 2201 1567 2232 &
1598 2198 1792 2230 concedentes
1814 2221 1824 2236 ,
1860 2198 1939 2237 quod
1968 2197 2047 2229 idem
2106 2198 2222 2229 ominus
2255 2200 2401 2230 Martinus

1322 2243 1434 2279 Trompe
1456 2241 1490 2272 &
1512 2238 1641 2270 Heredes
1669 2237 1710 2268 sui
1735 2237 1773 2267 de
1801 2246 1927 2275 corpore
1949 2236 2000 2268 suo
2025 2237 2154 2275 legitime
2185 2239 2328 2276 procreati
2350 2238 2397 2270 seu

1322 2279 1493 2318 procreandi
1512 2300 1522 2317 ,
1559 2277 1700 2316 predkstos
1721 2275 1928 2315 fiaepportatores
1947 2298 1956 2314 ,
1993 2277 2027 2308 δε
2055 2284 2148 2307 cetera
2170 2275 2302 2314 premissa
2325 2287 2395 2307 orri-

1322 2320 1386 2363 nia,
1415 2327 1446 2349 ut
1470 2316 1635 2356 prediCmtn
1658 2313 1717 2353 est,
1742 2314 1829 2346 libere
1853 2313 1962 2355 gestare
1984 2325 2019 2346 ac
2040 2315 2079 2346 uti
2099 2314 2208 2353 poffint
2230 2315 2264 2347 &
2280 2314 2394 2348 valeant

1321 2365 1545 2397 imperpetuum.

1360 2433 1395 2466 In
1414 2435 1494 2473 cujus
1512 2434 1571 2472 rei,
1584 2433 1648 2464 &c.

1355 2511 1445 2556 Teste
1464 2511 1547 2551 Rege
1559 2509 1633 2548 apud
1649 2509 1819 2548 Eboracum,
1839 2508 1979 2541 vicesimo
2000 2508 2048 2540 die
2069 2511 2164 2548 Maii,
2183 2507 2274 2540 Anno
2288 2507 2391 2548 Regni

1319 2551 1410 2582 nostri
1431 2551 1529 2582 decimo
1546 2552 1658 2581 octavo.

1691 2628 1747 2658 Per
1764 2624 1848 2663 ipfiaem
1865 2628 1962 2664 Regem
1975 2627 2085 2664 propria
2103 2635 2186 2656 manu
2200 2624 2347 2665 fignatum.

1317 2755 1345 2783 δὲ
1371 2757 1421 2790 De
1447 2752 1676 2798 Confirmatione
1702 2749 1921 2794 Ratficationis
1941 2748 2108 2783 Traflatus
2131 2751 2220 2782 Pacis
2243 2750 2282 2788 ὠ
2298 2750 2392 2783 Ami·-
2407 2763 2506 2795 axx-

1409 2805 1481 2836 citiae
1503 2806 1582 2834 inter
1602 2802 1712 2846 Regem
1737 2797 1868 2846 Angiiae
1895 2800 1933 2836 ὠ·
1960 2799 2070 2844 Regem
2091 2796 2307 2845 Portugalliae.
2401 2813 2470 2842 5²3·
2496 2789 2506 2800 ⁹

1316 2893 1397 2943 CA
1403 2888 1561 2921 ROLUS
1581 2884 1638 2916 Dei
1653 2883 1761 2924 gratia,
1781 2886 1894 2923 Magnae
1911 2886 2097 2921 Britannice,
2124 2885 2265 2921 Franciae,
2280 2883 2314 2915 &
2331 2885 2388 2914 Hi·
2404 2889 2473 2922 Arm
2494 2889 2540 2923 D·

1376 2930 1477 2960 berniae
1496 2925 1579 2962 Rex,
1596 2924 1661 2954 fidei
1675 2923 1903 2967 defensor,.&c.
1942 2921 2089 2952 Omnibus
2102 2922 2136 2953 &
2152 2922 2263 2960 lingulis
2274 2922 2325 2953 has
2333 2923 2386 2953 Li·
2422 2914 2512 2970 164⁸2.
2530 2916 2539 2925 ⁸

1310 2977 1382 3001 teras
1393 2966 1502 2998 nostras
1513 2964 1660 3001 Parentes,
1679 2963 1908 3000 Approbationes
1922 2961 1956 2993 &
1971 2959 2220 2992 Confirmationes
2235 2960 2332 2992 visuris
2348 2962 2383 2993 &
2399 2971 2455 2996 An.
2466 2971 2510 2998 18.

1313 3006 1495 3046 inspecifflrss,
1515 3011 1620 3033 notum
1638 3002 1769 3032 facimus.
2393 3009 2460 3036 Car·
2483 3017 2508 3038 ¹·

1351 3045 1444 3086 Quod
1460 3044 1508 3075 die
1521 3041 1664 3080 vigefimo
1685 3050 1768 3071 nono
1780 3038 1920 3078 Januarii
1934 3037 2032 3076 elapfi,
2047 3036 2182 3075 presentis
2193 3037 2273 3068 Anni
2288 3036 2384 3067 mille·
2401 3049 2457 3074 Rae.
2473 3056 2499 3075 ,-

1314 3088 1379 3117 fimi
1403 3081 1596 3115 sexcentesimi
1620 3078 1820 3119 quadragesimi
1841 3077 1977 3116 secundi,
2002 3076 2077 3107 Stilo
2101 3086 2183 3107 novo
2203 3074 2336 3113 Angliae,
2354 3077 2386 3106 iri
2402 3085 2520 3115 Traffat.

1315 3125 1443 3156 Civitate
1455 3120 1551 3153 nostra
1564 3119 1706 3163 Boysdrni,
1721 3120 1795 3162 inter
1807 3116 1930 3148 dilectos
1945 3116 1980 3147 &
2000 3114 2097 3146 fideles
2117 3114 2230 3146 nostros
2253 3113 2386 3145 Consan-
2402 3129 2473 3159 penes

1315 3162 1485 3233 &3552ss
1497 3159 1848 3229 ἓξὲξέὲᾞοῗέἓὲἑῖῗῗώ
1858 3194 1895 3226 &
1908 3195 2028 3229 Sum,
2042 3191 2170 3231 primum
2184 3189 2338 3222 Comitem
2347 3190 2382 3222 sc
2398 3161 2516 3238 21⁰3?-

1316 3240 1471 3272 Comitem
1487 3236 1685 3269 Mariscallum
1706 3233 1840 3271 Angliae,

1351 3278 1514 3318 Johannem
1532 3276 1686 3306 Comitem
1701 3271 1836 3312 Brgstoliae
1844 3293 1856 3309 ‚
2093 3305 2098 3312 ι

1351 3317 1516 3348 Gulielmum
1530 3314 1746 3346 Vicecomitem
1764 3310 1801 3341 de
1817 3313 1871 3348 Say
1885 3307 1920 3340 &
1940 3305 2007 3337 Seal
2027 3304 2127 3337 Curiae
2147 3305 2332 3346 Pupillorum
2350 3308 2386 3339 &

1314 3355 1586 3395 Emancipationum
1600 3349 1772 3386 Praefidem,

1353 3397 1469 3425 Lucium
1483 3391 1700 3424 Vicecomitcm
1718 3385 1890 3417 Falklandiae
1903 3392 2013 3422 unum,

1353 3434 1450 3471 Atque
1470 3428 1643 3461 Edwardum
1659 3425 1826 3457 Nicholaum
1846 3423 1984 3461 Equitem
2011 3421 2172 3462 Auratum,
2187 3423 2306 3454 alterum
2322 3422 2386 3454 Pri-

1314 3473 1471 3503 mariorum
1487 3469 1651 3500 nostrorum
1665 3464 1907 3500 Secretariorum,
1923 3461 2163 3501 Commissari0s‚
2179 3460 2385 3493 Procuratores

1313 3512 1348 3543 &
1364 3509 1412 3540 De
1434 3517 1526 3540 utatos
1540 3504 1670 3541 nostros;

1352 3548 1391 3579 Et
1409 3519 1610 3578 illustrissimos
1630 3542 1753 3580 Legatos
1770 3563 1780 3578 ,
1817 3537 2041 3584 Commissarios
2057 3539 2092 3571 &
2107 3538 2312 3570 Procuratores
2331 3537 2385 3570 Se-

1315 3586 1451 3618 reniffimi
1465 3582 1592 3616 Domini
1605 3580 1750 3620 Johanm's
1774 3579 1876 3618 Quarti
1897 3577 1987 3618 Regis
2011 3575 2205 3616 Portugallr'ae,
2223 3576 2385 3615 Algarvio-

1315 3626 1524 3695 rmD’offiicrium
1539 3660 1695 3689 Antonium
1710 3656 1852 3686 Dalmada
1868 3666 1885 3688 a
1899 3654 2036 3686 Consiliis
2047 3653 2120 3691 suis,

1351 3702 1390 3733 Et
1404 3700 1573 3731 Βοᾶοτεω
1592 3693 1761 3734 Francifium
1775 3696 1808 3725 de
1822 3695 1966 3725 Andrada
1980 3696 2095 3724 Leitam
2115 3701 2130 3722 a
2142 3690 2279 3723 Consiliis
2292 3692 2383 3724 etiam

1318 3740 1389 3778 suis,
1406 3741 1441 3772 &
1457 3740 1486 3769 in
1498 3737 1632 3775 supremo
1647 3735 1745 3766 Palatii
1760 3734 1892 3765 Consilio
1910 3733 2096 3764 Senatorum·

1355 3777 1508 3809 Trachatus
1524 3777 1629 3812 bonae,
1647 3783 1742 3812 verae,
1760 3773 1852 3804 firmae
1865 3774 1899 3815 ὅς
1913 3779 2059 3810 perpetuae
2072 3753 2157 3799 132cis
2169 3768 2204 3800 &
2223 3768 2383 3809 Amicitiae‚

1317 3816 1425 3853 sacrus,
1443 3815 1529 3845 initus
1541 3815 1575 3846 &
1591 3812 1744 3844 conclusus
1758 3812 1832 3851 fuit,
1850 3820 1931 3849 cnjus
1944 3817 2025 3840 tenor
2039 3806 2076 3838 de
2090 3807 2184 3839 verbo
2206 3806 2243 3839 ad
2260 3809 2385 3840 verbum

1317 3857 1364 3886 hic
1379 3854 1505 3885 inseritur
1521 3861 1553 3885 ut
1565 3852 1697 3891 sequitur.

1354 3930 1506 3962 Omnibus
1518 3930 1552 3961 ὃ(
1567 3928 1683 3966 fingulis
1703 3935 1808 3958 notum
1825 3924 1874 3962 sit,
1898 3922 1991 3962 Qiod
2012 3931 2082 3954 cum
2103 3921 2300 3953 Seoeniffimus
2319 3921 2390 3953 Do-

1318 3971 1415 4002 minus
1436 3969 1582 4008 Johannes
1603 3967 1746 4005 Quartus,
1770 3963 1830 3994 Dei
1845 3964 1952 4001 gratia,
1978 3961 2047 3992 Rex
2064 3961 2262 3999 Portugalliae,
2279 3960 2390 3997 Algar-

1319 4009 1516 4047 viornm,&c.
1532 4014 1623 4043 nuper
1636 4004 1742 4036 miserit
1757 4002 1928 4034 Dominum
1942 4003 2100 4032 Antonium
2115 3999 2259 4031 Dalmda
2273 4009 2289 4031 a
2301 3998 2392 4069 0191?ss

2339 4049 2348 4068 1
2504 4064 2531 4069 ,φ
