2561 4263
58 118 139 167 256
505 104 1315 155 CONVENTIONES‚
1402 106 1794 161 LITERAE,

1040 169 1045 170 ⁷
1164 199 1331 228 vacantem,
1350 191 1384 222 &
1405 191 1441 222 ad
1461 190 1588 224 nostram
1612 194 1847 231 presentationem
1873 202 1920 232 per
1946 190 2070 230 Lapsum
2096 190 2239 228 temporis
2262 182 2397 217 Ann.D;

1166 230 1222 260 hac
1238 231 1304 260 vice
1319 231 1511 269 specstantem3
1551 230 1589 262 Et
1604 233 1760 271 diriguntur
1775 233 1811 264 he
1828 233 1926 263 Litere
1939 232 2072 269 Roberto,
2091 232 2238 260 Coventri'e
2280 229 2369 263 1639-

1168 267 1328 337 &fitfffilgen
1339 279 1362 298 ις
1374 268 1529 306 Episcopo.
2256 266 2309 290 An.
2331 272 2376 296 ¹5·

6 195 47 225 D·
57 201 116 244 hFC.
130 201 193 232 vice
207 201 398 241 spee‘tantem3
435 199 474 232 Et
488 199 647 236 diriguntur
662 196 698 226 lie
714 195 812 226 Litere
828 196 871 225 W
871 192 991 231 illielmo,
1009 192 1125 223 London

4 257 28 288 ’ὓ
61 239 208 347 LkTsgigo
211 264 295 319 Rege
311 262 390 318 ¹‘apud
414 272 685 314 westmonasterium,
705 272 841 303 vicesimo
862 269 987 302 secundo
1004 267 1051 299 die
1066 269 1130 298 No-

15 334 23 342 ·
59 327 124 347 venl
142 328 190 348 ΓΠ.

103 394 247 432 Johannes
265 394 376 431 Ferme,
400 391 544 428 Clericus,
569 388 604 419 A.
626 388 674 420 M.
689 386 725 419 ad
746 386 917 417 Rectoriam
939 383 1018 429 beate
1037 386 1133 428 Marie

63 427 282 472 in'castlegate,
302 432 373 462 infra
397 430 555 460 Civitatem
578 428 716 465 Eburum,
740 435 788 464 per
815 433 943 454 mortem
965 424 1060 466 ultimi
1083 421 1134 451 In-

65 473 229 503 cumbentis
252 470 358 500 ibidem
378 471 434 506 jam
456 476 626 504 vacantem,
644 466 678 496 &
695 466 730 495 ad
755 463 880 493 nostram
897 462 1134 499 presentationem

66 510 154 548 pleno
167 512 228 547 jure
239 509 430 546 spectantem,
466 506 502 537 Et
519 506 674 544 diriguntur
687 505 725 534 he
740 502 835 533 Litere
844 500 998 539 Richardo,
1014 499 1135 529 Eburum

66 549 383 624 Ar'jcs'lielie'tglslclffgg'apud
401 581 658 623 westmonasterium
667 605 677 619 ,
701 579 844 612 tricesimo
857 578 903 610 die
917 577 1093 608 Novembris.

109 663 240 694 Robertus
259 659 437 700 Mapletqfte,
455 659 598 695 Clericus,
617 657 647 688 S.
665 657 706 688 T.
726 656 756 687 B.
766 656 801 687 ad
815 656 983 687 Recitoriam
997 655 1032 686 de
1048 658 1138 698 Bart-

71 703 140 733 lawe
159 702 219 731 alias
241 700 406 737 Barclowe,
426 698 560 729 Diocesis
580 696 706 736 Eliensi’s,
722 697 783 735 jam
804 695 946 735 legittime
972 696 1005 726 &
1030 693 1066 724 de
1079 703 1140 731 jure

71 749 221 770 vacantem
231 741 281 776 ,&
294 740 328 769 ad
346 739 474 768 nostram
495 736 732 773 presentationem
748 734 856 766 ratione
873 735 1007 773 utlagarie
1023 734 1138 762 Henrici

67 777 236 817 Huddi'cston
251 778 412 816 Armigeri,
431 776 550 806 Patroni
565 775 643 806 dicte
661 774 818 811 Recitorie,
837 773 894 803 five
908 783 955 811 per
970 772 1136 814 pravitatem

68 818 196 848 Simonie
214 839 223 854 ,
249 818 305 846 sive
330 826 379 854 per
404 814 509 852 lapsum
538 814 674 851 temporis
696 813 752 843 hac
773 813 838 843 vice
859 811 1063 851 specstantem,
1100 809 1138 840 ht

68 856 224 893 diriguntur
240 853 278 886 he
293 854 388 885 Litere
404 852 554 890 Mattheo,
572 851 677 892 Elienfi
690 851 844 894 Episcopo.
875 889 879 894 ·
1065 889 1068 894 Ι

104 894 192 926 Teste
209 893 292 934 Rege
309 893 382 932 apud
398 891 672 932 westmonasterium,
691 892 836 921 triceiimo
852 888 900 918 die
914 886 1092 917 Novembris.

104 971 227 1001 Dudleus
244 975 370 1010 Hopper,
390 969 538 1006 Clericus,
558 968 587 999 S.
606 969 647 998 T.
667 967 697 998 Β.
715 967 748 998 ad
771 966 940 997 Refioriam
962 964 999 995 de
1015 963 1091 1007 Hale
1106 973 1138 994 a-

67 1011 116 1041 iias
139 1010 237 1041 Holme
258 1010 349 1047 Hale‚
370 1009 501 1039 Dioceiis
523 1006 722 1045 Norwicenfis,
737 1007 799 1044 jam
815 1006 957 1047 legittime
971 1005 1004 1035 δε
1023 1003 1059 1034 de
1071 1013 1136 1046 jure

22 1077 29 1084 ,
67 1057 241 1087 vacantem,
259 1051 292 1080 &
307 1049 340 1078 ad
357 1047 485 1078 nostram
507 1047 524 1061 ²
540 1046 776 1083 presentationem
794 1054 844 1082 per
859 1044 965 1081 lapium
981 1051 1140 1086 temporis,

67 1088 126 1119 sive
150 1098 198 1125 per
221 1088 387 1122 pravitatem
403 1086 534 1115 simonie
549 1108 559 1123 ,
584 1085 641 1115 five
659 1086 766 1115 ratione
781 1084 914 1121 utlagarie
927 1082 1045 1112 Patroni
1061 1081 1138 1111 diei-e

69 1127 208 1164 Ecclelie,
230 1127 283 1156 hac
298 1127 360 1156 vice
375 1125 567 1163 spectantem,
605 1124 641 1154 Et
658 1124 814 1162 diriguntur
827 1122 863 1152 he
880 1121 975 1152 Litere
990 1119 1139 1157 Richardo‚

69 1164 244 1205 Norwicenfi
258 1165 414 1204 EpiicopO.

103 1204 194 1235 Teste
212 1205 292 1243 Rege
305 1204 378 1242 apud
396 1200 670 1241 westmonasterium,
689 1199 834 1231 tricesimo
850 1199 895 1230 die
911 1197 1090 1228 Novembris.

105 1281 254 1320 Johannes
275 1279 386 1319 crofta,
406 1279 549 1316 Clericus,
572 1279 608 1309 A.
631 1278 676 1309 M.
692 1278 726 1309 ad
748 1277 915 1308 Reeioriam
931 1275 966 1306 de
984 1272 1140 1317 Pitnckuoll

68 1330 138 1351 cum
154 1324 310 1359 Bexington
327 1328 450 1356 annexa,
469 1318 596 1348 Dioceiis
618 1316 730 1355 Bristol,
744 1317 804 1355 jam
821 1316 962 1355 legistime
977 1314 1009 1344 ὃ(
1024 1314 1061 1343 de
1072 1323 1138 1356 jure

68 1369 238 1397 vacantem,
257 1360 289 1390 &
302 1358 336 1389 ad
352 1357 478 1388 nostram
497 1357 737 1394 presentationem
761 1365 809 1392 per
824 1353 930 1393 lapsum
953 1361 1089 1395 temporis
1106 1356 1139 1381 li-

71 1409 108 1429 ve
130 1408 178 1436 per
200 1399 366 1434 pravitatem
386 1397 517 1427 Simonie
538 1396 591 1426 hac
612 1397 676 1426 vice
693 1394 886 1433 spectantem,
926 1391 962 1422 Et
977 1390 1139 1430 diriguntur

71 1437 109 1467 he
126 1438 222 1468 Litere
238 1437 370 1474 Roberto,
388 1434 494 1473 Bristol
509 1434 660 1472 Episcopo.
879 1470 884 1475 ι

107 1475 195 1507 Teste
213 1476 296 1514 Rege
309 1475 383 1513 apud
400 1473 678 1513 Wstmonasterium,
697 1471 844 1503 tricesimo
857 1469 902 1500 die
917 1466 1095 1498 Novembm.

111 1553 257 1593 Johannes
275 1552 403 1591 Hareby,
420 1551 550 1582 Clericus
569 1574 578 1589 ,
602 1550 639 1581 A.
659 1549 705 1580 M.
724 1548 758 1579 ad
786 1547 931 1579 Vicariam
954 1546 990 1578 de
1013 1545 1142 1585 Maunby

73 1603 142 1624 cuin
166 1593 283 1632 Capella
306 1592 400 1622 Savels
422 1590 583 1627 Leonardi,
600 1590 630 1619 in
646 1588 800 1620 Comitatu
817 1585 974 1623 Lincolnie,
994 1594 1043 1622 per
1062 1594 1141 1614 mor-

73 1640 135 1662 tem
159 1633 252 1663 ultimi
277 1631 474 1662 incumbentis
498 1628 622 1666 ibidem,
638 1628 699 1666 jam
718 1635 884 1663 vacantem,
905 1626 938 1655 &
956 1623 992 1655 ad
1015 1623 1140 1667 nostram

73 1669 327 1708 presentationem,
348 1671 455 1699 ratione
469 1667 660 1705 Suspenfionis
671 1665 817 1704 Johannis
836 1662 978 1693 Lincolni'e
996 1661 1141 1700 Episcopi,

75 1709 128 1739 hac
152 1711 215 1740 vice
236 1710 434 1746 spectantem,
473 1706 509 1736 Et
528 1706 688 1742 diriguntur
711 1705 746 1734 lie
769 1703 864 1734 Litere
884 1701 1048 1738 Willielmo,
1067 1703 1141 1730 Can-

75 1748 209 1785 tuarienfi
233 1747 479 1786 Archiepiscopo,
499 1742 561 1778 &a
580 1745 689 1774 ratione
707 1752 737 1773 ut
754 1742 843 1779 supra.
872 1780 876 1784 ·
979 1779 984 1784 ¹

112 1787 202 1817 Teste
227 1786 308 1825 Rege
331 1785 406 1824 apud
435 1782 696 1823 IsVestmonasterium
711 1804 720 1820 ,
754 1780 931 1811 duodecimo
956 1777 1003 1808 die
1028 1780 1143 1808 Decem-

69 1825 134 1854 bris.

108 1865 242 1892 Henricus
260 1861 398 1902 Hampsbn
411 1885 420 1900 ,
443 1860 595 1897 Clericus,
623 1859 658 1889 A.
680 1857 728 1888 M.
746 1857 781 1888 ad
805 1857 973 1900 Restoriam
993 1855 1029 1885 de
1047 1854 1134 1885 South

72 1904 205 1939 Marion,
224 1901 356 1932 Diocefis
378 1905 494 1938 Sarum,
511 1901 570 1938 jam
583 1899 723 1937 legittime
742 1895 828 1941 &tde
841 1905 904 1940 jure
920 1904 1088 1932 vacantem,
1106 1896 1139 1925 &

72 1941 108 1970 ad
125 1940 252 1971 nostram
267 1940 500 1978 presentationem
517 1948 564 1976 per
579 1939 748 1975 pravitatem
762 1936 911 1973 Simonie,
931 1933 986 1964 five
1002 1943 1049 1977 per
1066 1934 1144 1970 Lap-

73 1980 134 2009 sum
153 1981 287 2018 temporis
303 1980 356 2010 hac
374 1981 438 2009 vice
453 1978 645 2018 specstantem3
684 1974 722 2006 Et
737 1975 900 2013 diriguntur
917 1973 955 2004 he
972 1972 1069 2003 Litere
1085 1971 1143 2010 Jo-

74 2018 163 2047 hanni
174 2043 182 2054 ,
200 2022 298 2047 Sarum
318 2018 470 2056 Episcopo.

110 2056 200 2088 Teste
217 2056 301 2095 Rege
319 2056 394 2096 apud
412 2054 687 2096 westmonasterium,
705 2052 850 2084 tricessrno
864 2052 910 2083 die
923 2049 1089 2082 Decembris.

112 2138 238 2173 Georgius
253 2139 381 2173 Coniers,
399 2133 547 2172 Clericus,
569 2132 605 2163 A.
628 2131 674 2162 M.
698 2131 731 2161 ad
750 2130 919 2161 Rectoriam
941 2129 977 2160 de
990 2131 1100 2159 Smeton
1113 2137 1142 2159 a·

73 2175 121 2205 lias·
135 2178 252 2214 Sneton,
272 2174 402 2205 Diocefis
424 2173 562 2210 Eborum,
582 2181 632 2209 per
649 2169 819 2211 Cellionem
835 2169 927 2212 ultimi
943 2168 1143 2212 Incumbentis

71 2213 180 2243 ibidem
203 2214 264 2251 jam
286 2221 457 2249 vacantem,
477 2213 509 2243 &
526 2212 560 2241 ad
578 2209 706 2240 nostram
721 2210 958 2246 presentationem
982 2207 1068 2245 pleno
1079 2217 1142 2245 Jure

70 2252 267 2296 speciantem,
305 2251 342 2282 Et
364 2253 520 2290 diriguntur
542 2250 580 2279 he
602 2249 699 2280 Litere
721 2246 873 2285 Richardo,
890 2247 1012 2276 Eborum
1034 2246 1142 2277 Archi-

71 2292 209 2360 epssgpeo
213 2315 296 2370 Rege
311 2328 384 2370 apud
399 2326 673 2367 Wslmonaslerium,
691 2324 836 2356 tricefimo
851 2325 897 2356 die
915 2323 1080 2354 Decembris.

111 2408 227 2439 Thomas
246 2407 379 2447 Phillips,
399 2405 545 2443 Clericus,
565 2404 601 2434 A.
622 2402 670 2434 Μ.
689 2403 725 2433 ad
750 2403 918 2434 Restoriam
935 2402 973 2433 de
993 2401 1144 2430 Whicken-

74 2447 125 2485 by,
145 2447 274 2478 Diocesis
295 2445 453 2482 Lincolnie,
466 2454 525 2482 jam
542 2444 680 2482 legittime
700 2442 733 2472 &
749 2442 784 2472 de
795 2443 859 2480 jure
872 2450 1041 2484 vacantem,
1059 2441 1092 2470 &
1107 2440 1142 2470 ad

72 2484 201 2517 nostram
221 2485 458 2524 presentationem
482 2492 531 2520 per
552 2483 718 2520 pravitatem
741 2481 872 2511 simonie
893 2482 949 2510 [ive
974 2489 1022 2517 per
1037 2479 1143 2518 lapsum

74 2527 212 2563 temporis
231 2527 283 2555 hac
303 2525 368 2554 vice
387 2522 560 2560 i'pecff'tantem
577 2532 587 2559 3
623 2520 838 2563 Et'diriguntur
856 2519 892 2548 he
910 2518 1006 2549 Litere
1021 2517 1143 2561 lfiVimel·

74 2575 132 2601 mo,
157 2565 352 2603 Cantuari'enfl
372 2560 619 2599 Archiepiscopo,
644 2568 706 2593 esc.
733 2559 840 2588 ratione
861 2557 1053 2595 Suspensionis
1072 2556 1143 2594 Epi-

70 2603 121 2634 sco
144 2604 151 2632 i
169 2602 320 2632 Liucolme.

110 2613 200 2673 ‘feste
214 2642 294 2680 Rege
307 2640 380 2679 apud
396 2635 674 2678 Wistmonasterium,
693 2637 789 2674 primo
802 2634 849 2666 die
864 2634 1015 2674 Januarii.

112 2717 270 2756 Francifius
285 2716 432 2755 Robinfim,
449 2715 589 2751 Clericus,
606 2713 640 2744 ad
657 2712 823 2743 Recstoriam
840 2712 876 2742 de
892 2714 1029 2742 Naunton
1048 2715 1142 2741 Beau-

73 2758 203 2796 champe‚
224 2756 354 2787 Diocesis
372 2757 528 2791 lVigornie,
550 2763 598 2790 per
616 2761 741 2782 mortem
763 2752 856 2795 ultimi
874 2751 1068 2782 incumbentis
1085 2752 1141 2793 ibi-

74 2798 143 2828 deni
164 2798 222 2834 jam
250 2803 401 2826 vacantem
419 2815 428 2829 ,
452 2794 484 2822 &
512 2792 546 2822 ad
567 2790 692 2820 nostram
712 2790 949 2829 presentationem
971 2790 1057 2827 pleno
1079 2799 1142 2833 Jure

73 2836 268 2873 spectantem,
303 2832 343 2862 Et
365 2832 523 2870 diriguntur
555 2830 592 2859 he
615 2829 711 2859 Litere
736 2828 883 2867 Johanni,
910 2830 1051 2866 Wigornie
1073 2827 1142 2864 Epi-

75 2875 198 2943 scssgiie
229 2911 311 2951 Rege
339 2908 414 2948 apud
437 2904 695 2946 Weslmonallerium
710 2927 720 2944 ,
746 2904 864 2935 decimo
887 2905 992 2936 osflavo
1016 2905 1060 2935 die
1083 2904 1142 2943 Ja-

73 2962 175 2983 nuarn.

109 3029 276 3060 Alexander
296 3025 400 3066 Pistor,
428 3023 574 3062 Clericus,
601 3022 638 3053 A.
656 3021 700 3051 M.
720 3020 757 3051 ad
780 3020 950 3052 Rastoriam
973 3022 1010 3053 de
1030 3024 1141 3056 Bayton

73 3070 139 3100 alias
162 3072 273 3107 Bayton
299 3064 380 3102 Bull,
404 3062 534 3093 Diocesis
560 3059 760 3101 Norwicenfis,
780 3070 829 3099 per
842 3070 968 3091 mortem
986 3061 1079 3092 ultimi
1096 3059 1143 3089 ln-

74 3109 235 3139 cumbentis
261 3105 368 3134 ibidem
385 3103 447 3140 jam
471 3110 638 3137 vacantem,
658 3100 690 3130 δε
713 3099 747 3129 ad
762 3098 888 3129 nostram
907 3100 1142 3137 presentationem

74 3148 162 3184 pleno
175 3147 237 3182 jure
253 3144 450 3181 i‘petstantcm,
488 3139 527 3171 Et
544 3140 705 3178 diriguntur
725 3138 761 3168 he
782 3138 878 3168 Litere
892 3138 1049 3175 Richard0‚
1067 3139 1143 3167 Nor-

78 3184 186 3224 wicenfi
200 3184 355 3221 Episcopo.
521 3186 530 3201 ¹
800 3216 804 3220 Ι
1037 3215 1041 3220 Ι

114 3223 204 3253 Tci’te
228 3222 309 3260 Rege
332 3217 405 3259 apud
428 3214 692 3256 Wstmonasterium
707 3239 716 3254 ,
743 3214 859 3245 decimo
883 3215 990 3247 οᾶανο
1013 3215 1059 3246 die
1082 3213 1145 3253 Ja-

78 3272 179 3290 nuum.

119 3337 239 3375 Jacobus
257 3339 354 3373 Logan
370 3357 380 3373 ,
407 3333 538 3364 Clericus
554 3355 562 3368 ,
583 3330 618 3361 ad
638 3330 783 3372 Vicariam
807 3330 908 3359 Sanae
933 3333 1024 3361 Crucis
1037 3355 1046 3369 ,
1068 3331 1146 3369 juxta

81 3375 138 3405 sive
158 3375 229 3405 infra
252 3373 464 3404 Monasterium
487 3370 523 3401 de
540 3369 639 3408 Salop,
658 3368 789 3399 Dioceiis
803 3372 954 3411 Copentrie
967 3369 1004 3403 &—
1024 3369 1145 3400 Lichen-

66 3413 113 3453 fis
128 3437 137 3451 ,
165 3423 212 3449 per
237 3423 359 3442 mortem
379 3410 472 3442 ultimi
492 3408 689 3439 Incumbentis
707 3406 816 3436 ibidem
834 3416 894 3444 Jam
911 3417 1057 3438 vacantem
1074 3431 1083 3446 ,
1110 3409 1143 3438 δε

79 3452 115 3482 ad
135 3451 259 3482 nostram
284 3451 517 3487 prelentationern
540 3447 623 3484 pleno
639 3446 702 3482 jure
720 3445 893 3477 speetantem
914 3456 924 3481 ς,
963 3446 999 3476 Et
1017 3447 1146 3486 dirigun-

80 3500 125 3521 tur
145 3491 180 3520 he
202 3490 293 3519 Litere
309 3489 423 3518 Robz-rto
434 3511 442 3524 ,
463 3489 610 3516 Coventrie
626 3484 664 3518 (ὗν
680 3482 991 3525 Licbefzfiqupiscopo.

116 3528 205 3558 Teste
231 3528 312 3565 Rege
338 3528 414 3564 apud
435 3522 697 3564 westmonasterium
710 3545 721 3560 ,
748 3522 886 3552 viceiimo
903 3523 1004 3558 quinto
1021 3523 1067 3553 die
1083 3523 1145 3562 Ja-

83 3578 181 3597 nuarit.

118 3643 232 3672 Thomas
248 3640 366 3677 Mould,
385 3639 532 3676 Clericus,
558 3639 593 3668 A.
614 3637 661 3667 M.
679 3637 715 3667 ad
729 3635 900 3667 Rectoriarn
916 3635 951 3667 de
965 3639 1127 3674 Tottington

78 3680 210 3711 Diocelis
226 3678 424 3717 Noi'wicenfis,
440 3681 496 3715 jam
513 3678 648 3716 legittime
667 3676 700 3706 &
723 3675 768 3718 de⁸
780 3676 843 3713 jure
863 3683 1029 3714 vacantem,
1054 3678 1087 3706 &
1110 3660 1145 3705 aci

81 3720 208 3749 nostram
229 3718 462 3756 presentationem
480 3726 527 3754 per
547 3716 716 3752 pravitatem
739 3713 870 3744 Simonie
891 3713 949 3743 five
972 3723 1020 3750 per
1037 3714 1142 3751 lapsum

81 3759 219 3795 temporis
234 3759 289 3787 hac
309 3757 372 3785 vice
390 3754 562 3792 spectantem
578 3765 588 3790 3
623 3753 663 3784 Et
682 3753 842 3791 diriguntur
860 3752 897 3783 he
917 3752 1013 3782 Litere
1027 3752 1143 3781 Richar-

81 3798 114 3825 do
123 3819 130 3832 ,
148 3794 319 3834 Norwirenfi
334 3793 490 3830 Episcopo.

116 3835 205 3865 Teste
232 3834 311 3872 Rege
329 3831 403 3871 apud
425 3829 702 3868 Westmonasterium,
728 3828 865 3859 vicesimo
886 3828 994 3859 etstavo
1016 3827 1063 3858 die
1083 3826 1142 3866 Ja-

78 3877 179 3905 uuarii.

118 3949 284 3981 Wllielmus
299 3945 480 3986 Gorstdowe,
500 3943 640 3978 Clericus,
660 3941 695 3972 A.
715 3941 762 3985 M.
781 3943 814 3973 ad
831 3943 976 3973 Vicariam
992 3942 1028 3973 de
1040 3944 1143 3972 Mack-

72 3992 179 4030 (lecke,
198 3987 333 4020 Diocelis
356 3986 503 4015 coventria>
517 3979 555 4017 (ἐγ
570 3980 726 4020 Liclaenfis,
738 3991 796 4019 Jam
819 3981 962 4021 legittime
983 3982 1017 4013 &
1033 3982 1068 4012 de
1085 3984 1143 4020 jure

1170 349 1274 376 nuarii.

1208 423 1308 465 i‘etrus
1325 421 1468 460 Hanlled,
1487 422 1632 462 Clericus,
1651 425 1686 455 ad
1695 424 1838 456 Vicariam
1854 424 1892 455 de
1905 427 2040 463 Gretton,
2056 434 2124 456 cum
2139 423 2240 454 Mem·

1172 460 1230 504 bris
1250 460 1302 504 suis
1318 461 1348 490 in
1375 457 1531 492 Comitatu
1545 463 1794 502 Northamptonie,
1814 463 1962 501 peculiaris
1975 464 2179 502 jurisdictionis
2200 462 2241 491 E-

1173 498 1281 538 piscopi
1299 498 1442 529 Lincolnie
1477 502 1678 541 cantuarienfis
1696 502 1852 534 Provincie
1868 502 2138 541 &Juriffiiffionis‚
2157 502 2243 531 ratio-

1176 548 1213 568 ne
1238 536 1427 575 Suspensionis
1473 539 1580 576 piscopi
1597 540 1758 578 Lincolm'e,
1771 543 1830 580 jam
1853 541 1995 578 legittime
2019 541 2052 572 &
2067 541 2103 571 de
2113 542 2176 578 jure
2193 549 2242 569 va-

1355 316 1407 346 ege
1428 307 1504 345 apud
1527 307 1809 348 W’slmonasterium‚
1828 309 1970 342 vicesimo
1992 309 2101 341 octavo
2116 307 2162 338 die
2177 304 2240 345 Ja-
2257 305 2321 332 Car.
2339 309 2368 329 1.

1176 585 1311 614 cantem,
1328 576 1362 606 &
1385 577 1420 607 ad
1434 576 1560 606 nostram
1576 577 1812 615 presentationem
1827 589 1877 619 per
1894 581 2061 618 pravitatem
2077 580 2094 599 ’⁵
2112 578 2243 609 simonie
2260 597 2278 617 ,ς
2300 599 2369 626 XX·

1177 615 1233 645 hac
1247 615 1311 645 vice
1325 616 1516 653 spediantem3
1553 615 1592 646 Et
1607 616 1762 654 diriguntur
1777 619 1815 648 he
1828 619 1922 650 Litere
1938 618 2099 657 Willielmo,
2116 621 2244 647 cantua-

1177 653 1259 692 rienfi
1274 654 1519 692 Archiepiscopo,
1535 652 1596 688 &c.
1616 656 1724 684 ratione
1740 664 1771 686 ut
1787 656 1874 694 supra.

1217 692 1305 724 Teste
1322 693 1404 733 Rege
1418 693 1492 732 apud
1507 692 1782 733 Westmonasterium,
1800 697 1884 726 tertio
1898 696 1944 728 die
1961 695 2112 727 Februarii.

1219 769 1368 800 Nicholaus
1397 769 1521 810 osgodby
1536 793 1545 809 ,
1568 770 1701 801 Clericus
1715 793 1725 808 ,
1753 769 1790 800 A.
1817 770 1867 801 Μ.
1890 772 1926 802 ad
1949 771 2122 804 Redlzoriam
2147 777 2245 806 Sanc‘t‘i

1178 809 1307 838 Nicholai
1332 810 1386 840 sive
1408 809 1606 839 Holmechurch
1628 810 1658 839 in
1682 808 1817 848 Beverley
1830 832 1841 848 ,
1865 809 2001 840 Diocesis
2024 812 2143 842 Eborum
2161 835 2171 851 ,
2194 824 2246 852 per

1178 856 1304 877 mortem
1334 848 1427 878 ultimi
1453 848 1653 883 incumbentis
1671 849 1781 879 ibidem
1797 849 1859 885 jam
1883 856 2030 879 vacantem
2043 871 2053 886 ,
2079 852 2114 882 &
2133 853 2169 882 ad
2190 863 2247 883 no..

1177 884 1264 915 stram
1290 887 1524 924 presentationem
1548 887 1635 924 pleno
1651 888 1712 924 jure
1735 887 1908 924 spectantem
1927 898 1937 925 3
1974 886 2013 917 Et
2032 888 2190 927 diriguntur
2209 891 2246 922 he

1177 923 1274 954 Litere
1287 925 1441 962 Richardo,
1458 927 1578 956 Eborum
1595 927 1831 965 Atcliiepiscopo.

1213 963 1302 996 Teste
1318 964 1400 1003 Rege
1417 965 1491 1003 apud
1512 964 1792 1004 Wstmonasteri'um,
1810 964 1888 996 iexto
1907 964 1953 996 die
1968 963 2120 994 Februarii.

1217 1042 1348 1072 Robertus
1368 1042 1481 1080 Smith,
1505 1042 1638 1074 Clericus
1652 1066 1662 1081 ,
1687 1043 1724 1074 A.
1750 1042 1797 1073 M.
1828 1043 1862 1074 ad
1883 1042 2027 1074 Vicariam
2051 1041 2088 1072 de
2111 1040 2252 1080 Tolelhunt

1177 1081 1277 1117 Major
1288 1104 1297 1117 ,
1314 1081 1444 1112 Diocefis
1468 1083 1599 1119 London,
1614 1084 1675 1121 jam
1690 1082 1828 1121 legittime
1843 1083 1876 1113 &
1893 1082 1929 1113 de
1940 1083 2002 1120 jure
2017 1089 2186 1119 vacantem,
2213 1082 2248 1112 &

1174 1117 1209 1147 ad
1234 1119 1359 1150 nostram
1375 1121 1612 1160 presentationem
1627 1121 1715 1158 pleno
1731 1121 1795 1159 jure
1809 1120 2001 1159 spediamem,
2038 1120 2077 1150 Et
2090 1120 2248 1160 diriguntur

1173 1155 1213 1186 he
1234 1157 1330 1188 Litere
1350 1157 1556 1196 Willielielmo,
1579 1160 1696 1190 London
1709 1159 1867 1197 Episcopo.

1211 1195 1299 1227 Teste
1321 1196 1406 1236 Rege
1421 1196 1495 1235 apud
1513 1196 1790 1237 Wstmonasterium,
1805 1198 1926 1237 septimo
1942 1197 1989 1228 die
2006 1196 2158 1228 Februarii.

1214 1271 1361 1318 Johanaes
1377 1274 1494 1312 Talbot,
1513 1273 1664 1313 Clericus,
1688 1275 1724 1306 ad
1745 1275 1890 1307 Vicariam
1910 1276 1946 1307 de
1963 1274 2087 1312 Milton,
2115 1274 2249 1307 Diocefis

1176 1311 1280 1356 Bristof
1294 1336 1303 1351 ,
1320 1323 1382 1350 Jarn
1404 1314 1542 1352 legittime
1558 1315 1592 1344 δε
1612 1313 1648 1344 de
1665 1314 1728 1351 jure
1747 1323 1914 1354 vacantem,
1932 1315 1964 1345 &
1985 1314 2021 1345 ad
2040 1313 2167 1346 nostram
2186 1324 2250 1354 pre-

1176 1349 1362 1419 sentationekt'n
1381 1361 1430 1421 per
1449 1352 1556 1421 lapgtzinli
1582 1353 1725 1429 tempilirriz1
1742 1353 1798 1421 lliaE:
1818 1354 1884 1421 ysice
1907 1352 2080 1392 spectantem
2099 1364 2110 1391 3
2147 1353 2187 1384 Et
2205 1353 2249 1383 di-

1176 1397 1309 1460 r¹g÷2{}1{:r
1319 1400 1501 1469 Rigestaelgsid
1524 1399 1790 1471 ibzyibz’onasier‘ium
1798 1401 1822 1470 {n
1834 1401 1923 1462 [εὲξίῗὶ.
1941 1430 1987 1463 die
2005 1432 2158 1462 Februarii.

1215 1505 1387 1549 *Willielmus
1406 1508 1515 1548 Fuller,
1542 1508 1688 1547 Clericus,
1716 1509 1753 1539 A.
1772 1508 1805 1540 B.
1823 1508 1859 1539 ad
1883 1508 2053 1541 Ree'totiam
2077 1507 2113 1540 de
2135 1509 2250 1548 Onlipe‚

1179 1543 1310 1575 Diocesis
1334 1547 1493 1586 Lincvlnie,
1506 1549 1567 1586 jam
1588 1549 1715 1587 legitime
1732 1548 1766 1578 &
1783 1547 1819 1577 de
1832 1548 1892 1584 jure
1910 1556 2083 1585 vacantem,
2102 1549 2135 1579 &
2149 1548 2183 1579 ad
2197 1559 2253 1579 no-

1178 1583 1264 1627 stram
1288 1586 1526 1622 presentationem
1548 1597 1596 1626 per
1617 1586 1724 1622 lapsum
1748 1586 1885 1623 temporis
1901 1587 1956 1617 hac
1975 1588 2041 1617 vice
2057 1587 2251 1626 spectantem3

1178 1621 1214 1652 Et
1234 1622 1393 1660 diriguntur
1412 1625 1450 1654 he
1470 1625 1567 1656 Litere
1588 1624 1735 1655 Willielmo
1750 1647 1759 1662 ‚
1786 1625 1982 1664 Cantuariensi
2005 1625 2251 1665 Archiepiscopo,

1179 1659 1242 1694 &c.
1261 1662 1370 1693 ratione
1387 1663 1579 1701 Suspeniionis
1595 1664 1731 1701 Episcopi
1748 1662 1901 1692 Lincolnie.

1216 1699 1306 1730 Teste
1328 1700 1409 1741 Rege
1429 1701 1505 1742 apud
1527 1701 1800 1742 Westmonasterium,
1817 1701 1936 1732 decimo
1953 1701 2001 1732 die
2019 1703 2169 1733 Februarii.

1216 1775 1342 1815 Jacobus
1358 1779 1475 1818 Starkey
1494 1801 1504 1817 ,
1527 1779 1677 1817 Clericus,
1703 1779 1740 1809 A.
1764 1778 1812 1809 M.
1831 1779 1866 1809 ad
1890 1778 2062 1810 Redi-oriam
2087 1779 2125 1810 de
2145 1779 2256 1811 North-

1181 1815 1296 1853 meales,
1315 1817 1445 1848 Diocesis
1468 1817 1586 1856 Cestri'e,
1597 1820 1656 1856 jam
1679 1817 1821 1856 legittime
1844 1819 1878 1849 δε
1897 1817 1934 1848 de
1944 1819 2006 1856 jure
2023 1827 2194 1857 vacantem,
2217 1821 2252 1851 &

1179 1855 1213 1883 ad
1235 1854 1360 1886 nostram
1384 1855 1620 1893 presentationem
1641 1866 1689 1893 per
1711 1857 1880 1894 pravitatem
1901 1856 2051 1895 Simonie,
2073 1857 2130 1888 five
2145 1860 2254 1889 ratione

1180 1893 1331 1930 Utlagarie
1354 1894 1470 1925 Patroni
1494 1896 1570 1926 diete
1587 1895 1731 1933 Ecc1efie,
1751 1894 1808 1925 five
1822 1896 1880 1925 alio
1898 1904 2072 1933 quocunque
2087 1895 2179 1926 modo
2196 1896 2251 1927 hac

1178 1932 1244 2001 Pice
1259 1933 1435 1972 spectantem
1451 1944 1461 1972 'a
1497 1934 1534 1965 Et
1551 1934 1712 1972 diriguntur
1731 1934 1770 1964 he
1788 1933 1884 1965 Litere
1901 1933 2048 1973 Johanm',
2067 1933 2166 1974 cestrie
2179 1933 2253 1974 Epi-

1192 1980 1280 2007 copo.

1214 2009 1306 2041 Teste
1321 2009 1408 2050 Rege
1419 2011 1495 2049 apud
1510 2010 1784 2051 Westmonasterium,
1803 2010 1922 2042 decimo
1936 2011 1982 2042 die
1994 2011 2146 2043 Februarii.

1215 2087 1366 2119 Nicholaus
1381 2091 1475 2127 Gent,
1495 2087 1644 2127 Clericus,
1661 2088 1695 2119 ad
1713 2087 1881 2120 Rectoriam
1896 2088 1932 2120 de
1947 2087 2154 2128 Shadoxhurst,
2172 2087 2250 2120 Dio-

1179 2128 1247 2158 cesis
1267 2127 1488 2167 Cantuariensts,
1508 2138 1557 2165 per
1575 2127 1793 2167 resignationem
1809 2128 1901 2158 ultimi
1917 2127 2119 2159 Incumbentis
2135 2128 2255 2167 ibidem,

1176 2167 1237 2204 jam
1255 2175 1406 2197 vacantem
1417 2189 1426 2204 ,
1447 2167 1481 2197 &
1495 2167 1528 2197 ad
1547 2165 1675 2197 nostram
1691 2166 1925 2206 presentationem
1943 2167 2030 2205 pleno
2042 2167 2107 2205 jure
2121 2167 2252 2206 [pedian-

1179 2214 1238 2275 τῖες
1252 2255 1271 2274 o
1286 2204 1322 2236 Et
1341 2205 1498 2244 diriguntur
1519 2205 1554 2236 he
1579 2205 1676 2236 Litere
1697 2204 1864 2245 Willielmo,
1884 2206 2079 2246 Cantuarieafi
2099 2205 2253 2245 Archiepi-

1182 2254 1209 2351 bc
1218 2254 1309 2329 ‘feste
1339 2282 1421 2322 Rege
1447 2282 1521 2322 apud
1554 2282 1817 2323 W’stmonasterium
1832 2306 1842 2322 ‚
1870 2283 1989 2315 decimo
2012 2284 2115 2322 quinto
2136 2283 2183 2315 die
2199 2286 2254 2313 Fe-

1200 2331 1293 2352 ΥΙΙΕΥΙΧ.

1219 2399 1380 2430 Willielmus
1399 2400 1540 2439 Langley,
1560 2400 1750 2437 Clericus,ad
1767 2401 1909 2431 Vicariam
1924 2399 1961 2430 de
1976 2399 2171 2440 Kirkbyfiper
2185 2404 2251 2432 Mo-

1180 2448 1242 2468 ram
1261 2440 1318 2469 five
1338 2443 1485 2478 Mentem,
1504 2440 1634 2470 Diocefis
1649 2439 1764 2479 cestrie,
1781 2449 1829 2476 per
1850 2439 2067 2478 resignationem
2093 2440 2186 2470 ultimi
2203 2439 2253 2471 [n-

1180 2479 1344 2508 cumbentis
1370 2479 1477 2508 ibidem
1497 2479 1558 2517 jam
1574 2487 1742 2516 vacantem,
1766 2480 1799 2509 &
1816 2477 1850 2508 ad
1866 2477 1994 2508 nostram
2012 2477 2251 2516 presentationem

1180 2517 1342 2586 {eriispgpge
1356 2517 1531 2554 speetantem
1546 2529 1556 2555 3
1592 2516 1631 2548 Et
1645 2516 1802 2556 diriguntur
1816 2517 1851 2547 lie
1870 2516 1967 2547 Litere
1985 2516 2134 2555 Johanm‘,
2153 2517 2250 2556 Cestrie

1180 2632 1197 2663 b
1210 2565 1305 2640 Ereti}
1333 2593 1417 2633 Rege
1442 2593 1517 2633 apud
1543 2593 1802 2633 Westmonasterium
1816 2617 1826 2633 ,
1864 2593 1983 2626 decimo
2008 2594 2112 2632 quinto
2129 2594 2177 2627 die
2197 2597 2250 2624 Fe-

1198 2643 1295 2663 ruarll.

1215 2713 1348 2741 Henricus
1367 2713 1468 2748 Pigge,
1487 2709 1637 2748 Clericus,
1655 2709 1692 2740 A.
1714 2709 1760 2739 M.
1777 2709 1812 2740 ad
1835 2708 2016 2740 Prebendam
2040 2709 2098 2741 five
2112 2708 2246 2739 Canoni-

1178 2758 1273 2780 catum
1298 2751 1395 2779 San&
1413 2753 1509 2779 Marie
1529 2747 1690 2786 Crackpole,
1707 2749 1735 2777 in
1756 2747 1883 2778 Ecclefia
1900 2747 2065 2778 Cathedrali
2082 2748 2246 2786 Lincolm'e,

1178 2797 1229 2825 per
1245 2797 1370 2819 mortem
1387 2788 1481 2818 ultimi
1498 2786 1695 2818 Incumbentis
1710 2786 1818 2816 ibidem
1836 2794 2000 2823 vacantem,
2018 2787 2051 2816 &
2068 2787 2101 2817 ad
2120 2785 2246 2816 nostram

1179 2825 1414 2863 presentationem
1440 2826 1550 2856 ratione
1573 2824 1766 2862 Suspeniionis
1788 2824 1924 2862 Episcopi
1946 2824 2086 2854 Lincolnie
2104 2824 2159 2854 hac
2183 2827 2250 2855 vice

1179 2864 1382 2902 ipe&antem3
1420 2862 1458 2894 Et
1482 2863 1643 2901 diriguntur
1670 2863 1706 2893 he
1736 2862 1831 2893 Litere
1859 2861 2008 2893 Willielmo
2022 2885 2032 2901 ,
2059 2864 2254 2904 Cantuariensi

1181 2902 1426 2940 Arcliiepiicopo,
1444 2901 1506 2936 &c.
1525 2903 1637 2932 ratione
1653 2910 1684 2931 ut
1701 2900 1788 2938 supra.

1181 2979 1198 3010 b
1215 2940 1306 2972 Teste
1336 2940 1419 2980 Rege
1449 2940 1523 2980 apud
1549 2939 1834 2980 Wstmonasterium,
1858 2939 1975 2971 decimo
2001 2949 2103 2980 quarto
2127 2940 2176 2972 die
2197 2944 2251 2972 Fe-

1199 2990 1294 3010 ruarll.

1217 3059 1298 3094 Hugo
1321 3055 1500 3096 Maplesden‚
1523 3055 1670 3095 Clericus,
1699 3057 1738 3088 A.
1759 3055 1807 3087 M.
1822 3056 1855 3087 ad
1882 3056 2064 3087 Prebendam
2078 3057 2135 3088 five
2149 3056 2248 3088 Cano-

1180 3097 1306 3127 nicatum
1324 3099 1440 3125 Centum
1457 3096 1625 3134 Solidorum,
1644 3097 1672 3126 in
1696 3095 1823 3127 Ecclesia
1840 3094 2002 3126 Cathedrali
2019 3095 2178 3131 Lincolnie,
2195 3105 2247 3134 per

1181 3145 1308 3166 mortem
1327 3135 1419 3166 ultimi
1435 3134 1631 3166 Incumbentis
1646 3135 1753 3165 ibidem
1764 3135 1826 3173 jam
1842 3143 2005 3170 vacantem,
2024 3133 2100 3164 &ad
2115 3132 2243 3164 nostram

1180 3175 1420 3212 presentationem
1442 3175 1550 3204 ratione
1571 3173 1767 3211 Suspeniionis
1786 3171 1932 3211 Johannis
1948 3171 2081 3208 Episcopi
2100 3171 2242 3202 Lincolnie

1180 3213 1235 3244 hac
1251 3214 1314 3243 vice
1328 3212 1502 3249 spectantem
1515 3224 1525 3251 3
1548 3212 1587 3243 Et
1602 3213 1758 3250 diriguntur
1772 3211 1809 3241 he
1825 3210 1920 3240 Litere
1935 3207 2101 3247 Wrffielmo,
2121 3212 2246 3241 Cantua.

1181 3250 1262 3290 rienfi
1286 3250 1520 3289 xrchiepiscopo,
1540 3248 1600 3285 dyc.
1620 3252 1729 3281 ratione
1744 3258 1775 3280 ut
1790 3248 1880 3286 supra.

1183 3328 1200 3357 b
1219 3289 1309 3319 Teste
1331 3290 1414 3327 Rege
1439 3290 1513 3328 apud
1540 3288 1798 3328 Wstmonasterium
1812 3307 1823 3324 ‚
1854 3286 1973 3316 decimo
1998 3292 2102 3323 quarto
2126 3286 2173 3318 die
2196 3291 2247 3318 Fe-

1203 3339 1299 3358 ruarll.

1218 3403 1370 3435 Richardus
1391 3407 1535 3440 Stanwix,
1553 3402 1694 3440 Clericus,
1709 3400 1739 3432 S.
1755 3400 1796 3431 T.
1813 3399 1844 3430 B.
1863 3400 1898 3430 ad
1916 3400 2086 3432 Reiioriam
2106 3402 2142 3432 de
2155 3406 2246 3434 Cran-

1173 3441 1263 3482 fcrd,
1281 3443 1413 3474 Diocefis
1435 3439 1665 3479 Petriburgenfis‚
1683 3449 1733 3477 per
1755 3447 1880 3481 mortem
1904 3439 1998 3470 ultimi
2010 3440 2206 3472 incumbentis
2220 3444 2245 3473 i-

1183 3481 1279 3511 bidem
1300 3482 1360 3518 jam
1382 3490 1546 3516 vacantem,
1562 3482 1594 3509 &
1610 3479 1644 3509 ad
1659 3477 1786 3507 nostram
1801 3479 2039 3515 preientationem
2055 3481 2162 3510 ratione
2177 3480 2244 3511 Sus-

1180 3519 1330 3556 spenfionis
1346 3520 1480 3558 Episcopi
1493 3516 1645 3548 Lincolm'ae
1665 3517 1718 3545 bac
1734 3517 1797 3547 vice
1813 3516 2006 3556 spectantem,
2032 3517 2069 3548 Et
2083 3517 2243 3556 diriguntur

1182 3559 1219 3588 he
1235 3558 1333 3588 Litere
1350 3557 1498 3596 Johanni,
1517 3553 1717 3593 Petriburgenfi
1732 3554 1886 3592 Episcopo,

1179 3597 1247 3663 ΜΤ
1248 3596 1306 3626 este
1330 3595 1413 3635 Rege
1431 3595 1504 3634 apud
1523 3592 1783 3632 Westmonasterium
1797 3615 1808 3631 ,
1835 3593 1972 3625 vicefimo
1997 3594 2099 3632 quinto
2124 3594 2170 3627 die
2197 3599 2247 3626 Fe-

1212 3645 1293 3664 uarll.

1217 3711 1376 3740 Valentinus
1395 3712 1508 3746 Minge,
1527 3707 1676 3747 Clericus,
1696 3708 1731 3738 A.
1752 3707 1801 3738 M.
1818 3709 1852 3739 ad
1869 3708 2038 3740 Rafioriam
2051 3711 2092 3738 St.
2111 3711 2194 3738 Peere
2207 3709 2243 3740 fi-

1180 3758 1215 3778 ve
1231 3750 1325 3777 Sanbli
1338 3750 1434 3785 Petri,
1452 3748 1481 3776 in
1497 3746 1648 3777 Comitatu
1664 3747 1845 3786 Monmouth‚
1859 3749 1921 3785 jam
1938 3748 2079 3786 legittime
2091 3747 2125 3777 &
2144 3748 2180 3777 de
2193 3748 2242 3785 ju-

1178 3796 1208 3815 re
1230 3795 1398 3823 vacantem,
1418 3787 1450 3816 &
1471 3786 1506 3815 ad
1526 3785 1649 3815 nostram
1674 3786 1907 3823 presentationem
1921 3796 1970 3823 per
1983 3785 2086 3822 lapsum
2102 3789 2241 3825 temporis

1177 3825 1231 3854 hac
1251 3826 1314 3854 vice
1336 3824 1531 3861 speCiantetnt,
1549 3823 1586 3854 Et
1609 3824 1767 3863 diriguntur
1789 3824 1826 3853 he
1849 3825 1944 3854 Litere
1965 3823 2136 3861 Willielmo,
2162 3828 2239 3855 Can-

2266 636 2331 675 398-

1177 3862 1306 3900 tuarienfz
1327 3862 1575 3900 Archiepiscopo,
1602 3862 1622 3882 ²*
1642 3871 1752 3893 ratione
1776 3863 1930 3893 vacationis
1957 3861 2038 3893 Sedis
2063 3861 2239 3902 Episcopalis
2271 3874 2367 3906 *XX.

1209 3901 1319 3930 andave
1351 3911 1383 3930 15.

1178 3904 1303 4009 §Teste
1321 3913 1340 3931 n
1365 3947 1417 3978 ege
1441 3939 1515 3978 apud
1540 3936 1798 3979 Westmonasterium
1813 3959 1824 3975 ,
1850 3937 1987 3969 vicesimo
2013 3948 2094 3971 nono
2120 3939 2166 3972 die
2188 3943 2240 3971 Fe-

1196 3988 1289 4008 suaru-

2121 4016 2237 4048 Richar-

2255 3924 2319 3954 399·
